3894 5274
254 852 330 916 Jam
349 868 431 915 uero
451 868 524 913 cum
545 848 580 912 in
600 850 666 912 isto
688 868 880 933 azymorum
908 850 997 913 festo
1026 868 1145 935 azyma
1176 850 1218 913 alr
1250 853 1632 938 universopopnlo
1660 856 1787 920 comedi

168 933 700 1019 videamus,queeriturquomodo
715 937 1027 1000 cibuseanctus
1050 944 1085 999 et
1106 934 1786 1023 sacerdotalisaduniversosper·

165 1024 273 1099 tinere
294 1018 464 1106 potuerit?
507 1022 580 1084 Hoc
599 1041 665 1084 non
686 1020 749 1084 alio
771 1030 864 1104 patet
885 1022 957 1085 lieri
977 1022 1126 1103 potuisse
1148 1031 1262 1105 pacto,
1289 1034 1446 1107 quarunt
1472 1025 1650 1089 universus
1670 1025 1788 1091 iinon*

166 1111 248 1171 tium
270 1119 387 1172 coetus
416 1125 577 1170 sacram
607 1108 663 1169 vel
700 1106 972 1171 sacerdotum
1000 1110 1184 1190 susciperet
1213 1127 1435 1191 personam
1464 1120 1499 1173 et
1519 1109 1786 1195 dignitatem.

168 1193 275 1273 Quam
297 1194 428 1275 quidem
450 1202 583 1257 constat
604 1194 736 1256 minime
757 1194 798 1257 alt
826 1193 1010 1257 israelitico
1032 1194 1151 1276 populo
1173 1194 1279 1257 fuisse
1300 1194 1457 1277 alienam,
1479 1196 1537 1258 sed
1556 1195 1626 1278 jam
1648 1197 1723 1261 inde
1745 1199 1786 1262 ab
1838 1267 1843 1281 ,

168 1279 242 1362 ejus
263 1280 445 1363 primordiis
467 1278 627 1341 divinitus
648 1280 834 1360 impositam
858 1299 898 1343 ac
918 1279 1012 1343 velut
1033 1282 1197 1361 mna-tam,
1228 1280 1476 1343 circumcisione
1499 1283 1597 1346 etiam
1619 1282 1787 1367 signitica-
1809 1298 1848 1350 hi

166 1366 253 1441 tam3
277 1368 389 1429 multis
407 1366 495 1427 illam
517 1364 622 1428 modis
645 1374 680 1426 et
700 1365 885 1428 nominibus
906 1375 974 1428 tam
997 1366 1029 1428 in
1057 1366 1134 1448 lego
1162 1384 1259 1449 quam
1281 1384 1301 1429 a
1330 1366 1500 1449 prophetis
1531 1386 1722 1450 expressam
1751 1378 1788 1433 et

164 1452 370 1516 inculcatam.
411 1452 465 1513 llx
487 1468 550 1532 quo
570 1450 624 1512 vel
646 1452 716 1512 solo
738 1450 874 1533 colligas
896 1450 984 1514 huno
1005 1447 1208 1534 azymorum
1225 1454 1339 1533 ritum,
1369 1471 1509 1535 eumque
1534 1470 1594 1535 per
1623 1472 1787 1518 sacrum

167 1548 328 1619 septem
352 1538 506 1599 dierum
529 1536 713 1617 spatium
734 1538 971 1615 continuatum,
992 1556 1058 1598 non
1081 1534 1181 1599 alium
1203 1555 1280 1599 esse
1297 1556 1396 1619 posse
1419 1538 1482 1600 nisi
1503 1540 1788 1625 inaugurandi

167 1642 196 1688 s.
219 1621 499 1687 consecrandi
520 1622 635 1684 ritum:
673 1637 737 1703 quo
760 1622 878 1705 quippe
899 1622 1039 1705 populus
1061 1622 1264 1685 israeliticus
1286 1623 1327 1687 ad
1349 1642 1477 1686 sacram
1506 1642 1604 1706 quam
1637 1626 1787 1689 suatine-

164 1710 225 1773 bat
246 1709 438 1793 dignitatem
461 1708 632 1788 quotannis
654 1706 761 1770 denuo
781 1708 1034 1791 inauguraretur
1056 1716 1091 1771 et
1111 1711 1215 1770 sacris
1237 1711 1309 1772 suis
1331 1710 1532 1791 initiaretur;
1555 1712 1607 1774 cui
1622 1714 1672 1774 rei
1687 1713 1788 1775 etiam

165 1804 297 1876 tempus
318 1794 403 1858 ritris
425 1803 503 1874 apte
525 1793 680 1856 convenit
701 1794 787 1855 inter
808 1797 899 1875 ipsa
929 1795 1025 1856 anni
1054 1794 1180 1857 initia
1208 1795 1435 1859 constitutum.
1485 1793 1577 1874 Quae
1608 1799 1691 1860 ratio
1712 1817 1787 1860 eum

166 1880 208 1945 ad
230 1900 312 1944 vera
332 1890 462 1943 tantum
484 1878 595 1962 populi
617 1880 760 1940 membra
780 1882 980 1961 pertineret,
1018 1879 1066 1943 sio
1089 1876 1159 1961 jem
1186 1881 1378 1965 intelligitur
1408 1900 1511 1963 quare
1532 1880 1573 1944 ad
1595 1885 1693 1946 ritum
1721 1902 1787 1947 non

165 1986 282 2030 omnes
302 1967 488 2048 promiscue
510 1964 772 2046 admitterentur,
794 1964 855 2027 sed
879 1965 919 2048 l)
940 1983 1073 2029 mares
1095 1976 1240 2046 tantum,
1261 1968 1303 2049 Ξ)
1325 1967 1556 2051 indigenae
1577 1966 1598 2030 i.
1621 1988 1651 2032 c.
1673 1968 1788 2032 eadem

167 2054 209 2116 de
233 2056 335 2135 stirpe
358 2062 392 2115 et
414 2062 516 2134 gente
538 2048 684 2130 oriundi,
705 2053 798 2134 iique·
814 2048 855 2132 3)
879 2046 1137 2133 circumcisi,
1159 2062 1194 2114 et
1216 2054 1256 2132 4)
1277 2054 1435 2137 mundi,
1471 2055 1617 2117 exclusis
1647 2052 1788 2137 feminis,

161 2140 360 2224 peregrinis,
382 2139 491 2199 servis
514 2136 598 2217 (nisi
619 2138 803 2199 circumcisi
826 2138 962 2219 essent)
991 2146 1026 2201 et
1048 2138 1270 2219 mercenariis,
1290 2137 1431 2222 denique
1452 2138 1655 2203 immunditie
1677 2140 1788 2224 aliqua

165 2222 507 2303 laborantibus⁸⁸).—
529 2224 623 2284 llaec
646 2231 758 2285 autem
780 2224 876 2304 ratio,
898 2241 994 2305 quern
1016 2224 1089 2305 ipsa
1110 2244 1146 2286 re
1169 2224 1385 2307 cognovimus
1408 2224 1662 2308 suppeditatam,
1685 2244 1787 2310 egro·

166 2312 220 2397 gio
241 2310 452 2374 confirmatur
474 2319 509 2372 et
527 2307 710 2371 illustratur
732 2309 795 2371 alio
818 2308 916 2390 hujus
945 2306 1030 2373 'ritds
1058 2310 1237 2395 exemplo,¹
1260 2329 1323 2392 quo
1353 2310 1502 2393 ejusdem
1530 2312 1627 2394 plane
1656 2312 1788 2397 generis

166 2399 338 2460 exhibetur
368 2396 573 2457 institutum:
610 2396 694 2474 ritu,
723 2396 873 2478 inquam,
903 2394 1204 2460 sacerdotibus
1233 2397 1534 2460 consecrandis
1564 2405 1599 2460 et
1627 2398 1785 2460 muneri

167 2502 241 2547 suo
262 2481 571 2565 inaugurandis
593 2478 721 2542 solenni
744 2498 787 2541 ex
807 2480 1063 2564 1οςοΕκοι1.29,
1076 2481 1183 2545 1—37
1196 2480 1541 2564 (observataprimum
1553 2482 1636 2545 hev.
1648 2485 1700 2565 8),
1717 2490 1788 2546 tu'm

167 2569 239 2633 aliis
251 2567 424 2632 sacrificiis
437 2578 470 2630 et
484 2568 705 2645 caerimoniis,
728 2574 797 2629 tum
815 2585 896 2629 vero
919 2585 1152 2650 azymorum
1176 2585 1247 2647 per
1268 2578 1428 2650 septem
1451 2567 1542 2632 dies
1564 2569 1787 2632 continuos

167 2659 427 2719 comestione
450 2654 637 2734 conspicuo.
667 2652 735 2715 Sed
747 2654 901 2733 quoniam
912 2653 966 2716 ille
981 2650 1024 2714 ad
1041 2650 1181 2716 alt'erum
1204 2654 1299 2718 etiam
1325 2652 1473 2736 ejusdem
1497 2657 1629 2739 generis
1649 2654 1788 2719 institu-

166 2750 248 2822 tum,
272 2739 418 2801 Pasohi
440 2740 550 2813 ritum,
572 2738 713 2800 maximo
735 2738 815 2801 facit
836 2738 1078 2819 illustrandum,
1100 2738 1263 2820 hunojam
1280 2742 1466 2803 accuratius
1479 2739 1668 2821 expendere
1680 2740 1787 2822 juvat.

252 2823 464 2904 lstequidem
478 2824 620 2885 Paschi
642 2826 725 2886 ritus
737 2825 888 2905 quoniam
900 2823 1049 2905 pluribus
1071 2844 1092 2887 a
1113 2826 1319 2889 caeterorum
1341 2826 1466 2888 ratione
1489 2826 1625 2907 recedit,
1646 2826 1789 2890 omnium

165 2913 309 2974 maxime
330 2921 383 2973 est
404 2917 651 2972 controversus.
693 2908 768 2971 Hoc
790 2928 891 2972 unum
913 2917 1046 2974 constat
1067 2911 1332 2989 sacrificium
1354 2930 1429 2975 eum
1442 2922 1544 2995 'esse,
1573 2930 1637 2996 quo
1659 2914 1789 2981 nomine

164 2998 410 3077 frequentatum
431 2996 463 3056 in
486 2994 528 3058 V.
552 2996 590 3058 Τ.
613 2992 773 3057 diximus:
796 2994 856 3058 sed
879 2996 1003 3079 quale
1025 2997 1071 3058 sit
1093 2996 1299 3079 sacrificium,
1322 2998 1453 3061 cuinam
1475 2998 1710 3061 sacrificiorum
1725 3018 1789 3082 ge·

162 3087 235 3147 neri
249 3080 488 3162 accensendus,
504 3092 538 3144 et
553 3098 726 3164 quemnam
739 3082 825 3143 inter
839 3082 894 3146 illa
910 3082 972 3145 sibi
986 3082 1092 3145 locum
1106 3083 1264 3166 vindicet,
1282 3084 1345 3146 hoc
1360 3104 1423 3145 non
1437 3084 1550 3146 statim
1564 3084 1676 3168 liquet.
1698 3085 1790 3148 Inter

163 3171 366 3231 recentiores
382 3167 527 3249 plerique
543 3166 754 3249 piaculare
770 3184 846 3229 esse
861 3175 1024 3249 statuunt,
1042 3168 1111 3231 soil.
1129 3169 1214 3232 inter
1229 3171 1305 3232 anni
1318 3169 1411 3231 velut
1426 3187 1469 3231 ex
1484 3170 1590 3232 hieme
1605 3187 1789 3233 renascen-

163 3257 210 3318 tis
230 3252 404 3337 primordia
417 3251 459 3314 ad
473 3250 637 3334 expianda
651 3253 819 3335 praeteriti
830 3256 989 3334 temporis¹
999 3265 1137 3335 peccata
1153 3264 1187 3317 et
1194 3254 1376 3317 avertenda
1383 3253 1539 3337 placando
1548 3256 1678 3320 numine
1687 3254 1790 3320 futuri

162 3342 320 3423 pericula,
342 3349 442 3420 atque
455 3338 700 3401 instaurandam
715 3337 951 3420 quodammodo
967 3348 1003 3401 ct
1017 3338 1275 3425 regenerandam
1290 3338 1356 3413 una
1369 3358 1443 3403 cum
1455 3351 1570 3404 natura
1583 3352 1618 3406 et
1629 3359 1713 3405 anno
1723 3341 1789 3405 ho'-

162 3428 261 3490 minis
275 3428 378 3489 vitam
391 3426 533 3489 oblatum
542 3424 603 3508 ⁸⁰).
627 3424 943 3507 Quodquantumvis
955 3425 1096 3507 placeat,
1108 3425 1332 3489 Hebraeorum
1345 3436 1436 3489 certe
1448 3428 1657 3508 piacularium
1671 3429 1789 3492 rationi

158 3514 295 3575 'minime
315 3519 369 3575 est
384 3522 658 3575 consentaneum:
685 3513 804 3594 quippe
824 3530 908 3593 quae
922 3528 986 3574 nee
1001 3530 1076 3576 cum
1093 3521 1230 3575 naturae
1248 3514 1304 3574 vel
1324 3522 1489 3576 astrorum
1512 3513 1728 3579 conversione
1748 3531 1789 3576 ac

161 3598 395 3661 adciscitudino
413 3597 511 3660 ullam
534 3598 680 3660 habeant
698 3615 778 3681 rern,
798 3596 858 3660 sed
879 3597 920 3662 ad
943 3598 1108 3662 hominurn
1128 3607 1254 3660 tantum
1267 3608 1404 3681 peccata
1426 3601 1621 3679 pertineant,
1637 3598 1789 3680 tumpri-

161 3692 333 3766 vatorum,
364 3694 434 3746 tum
472 3684 621 3746 universi
641 3684 751 3765 populi
776 3684 892 3768 (eujus
922 3684 1051 3765 quidem
1081 3681 1251 3766 expiandis
1280 3686 1539 3751 anniversarium
1562 3686 1661 3749 etiam
1688 3686 1788 3747 ritum

168 3850 583 3871 μή*
694 3852 697 3859 ’

162 3974 214 4026 109
231 3974 308 4025 illam
325 3975 414 4038 ipsam
431 3976 538 4037 profert
555 3985 636 4037 qnam
654 3985 739 4034 snpra
757 3974 914 4025 attulimus:
954 3966 969 4037 ἦ
992 3966 1061 4042 ‘copon
1078 3988 1124 4024 και
1140 3976 1256 4041 γενονιν
1280 3968 1312 4023 ἐκ
1330 3974 1477 4040 coepas
1495 3966 1580 4035 αὕτη,
1607 3987 1653 4021 και
1678 3972 1789 4038 micipsa

161 4060 195 4095 ro
214 4058 334 4111 φυραμα
357 4058 515 4112 μιγνυμενη
599 4057 645 4091 και
671 4037 741 4099 ὅλως
763 4040 835 4094 ἔοικε
859 4049 968 4108 undae
986 4061 1001 4106 η
1019 4044 1145 4110 tepuere.
1163 4067 1199 4080 ·-
1233 4043 1305 4092 lllne
1325 4043 1430 4105 pridem
1448 4044 1614 4093 Boedartao
1632 4041 1746 4093 Hieroz.
1762 4041 1786 4106 1,

161 4114 211 4162 601
232 4114 311 4177 puri
330 4115 358 4163 et
377 4114 512 4163 sinceri
529 4111 610 4174 panls
629 4111 769 4162 notionem
785 4114 897 4176 azymis
918 4113 1080 4178 vindicarit,
1098 4111 1220 4162 Arabico
1238 4112 1319 4161 etiarn
1339 4112 1416 4160 vocis
1436 4111 1529 4173 etymo
1548 4111 1575 4158 in
1588 4111 1660 4159 liene
1673 4122 1786 4160 sensum

161 4183 258 4231 allato.
295 4185 378 4243 Quem
396 4182 568 4232 recentiores
585 4182 645 4231 rere
663 4181 755 4230 secuti
771 4182 851 4245 sunt3
869 4182 991 4233 desento
1008 4181 1147 4232 tamenin
1166 4182 1288 4232 mensur.
1312 4182 1338 4229 li.
1356 4193 1382 4230 v.
1401 4190 1456 4229 non
1474 4180 1581 4228 temere
1597 4178 1714 4229 duleis
1732 4190 1786 4229 no·

160 4250 265 4311 tionem
284 4264 318 4303 ex
332 4250 467 4314 primaria.
480 4250 635 4314 eugendi
652 4250 806 4303 dertvante.

230 4349 279 4417 88)
299 4354 378 4415 Quod
396 4352 450 4404 etsi
466 4364 523 4402 non
538 4352 577 4402 in·
591 4360 801 4416 azymorum
816 4345 936 4416 legibus,
955 4351 1005 4402 sed
1022 4351 1146 4401 Parent
1163 4352 1270 4415 unnim
1277 4352 1329 4401 ltx.
1341 4348 1696 4416 talemanite-,as
1708 4361 1784 4413 seqq.

158 4420 278 4471 utetur
295 4422 446 4482 sancitum,
465 4424 556 4472 tamen
574 4423 703 4483 quonlam
719 4424 836 4484 uterque
852 4420 1037 4471 ritus-eodem
1055 4420 1235 4483 collimabat,
1252 4420 1347 4469 tnttma
1365 4420 1501 4469 reddata
1519 4414 1693 4483 conjunctas,
1709 4417 1785 4467 utri-

160 4500 216 4551 que
233 4492 376 4541 commuue
393 4489 541 4555 putandum
558 4494 610 4541 est.
645 4492 740 4554 ltaque
758 4491 804 4540 lex
821 4491 871 4540 illa
887 4488 949 4552 lpse
967 4493 1011 4540 est
1034 4501 1116 4552 quam
1141 4499 1228 4552 sopra
1250 4489 1362 4539 totidem
1385 4488 1447 4538 lere
1471 4488 1564 4537 verlds
1588 4486 1783 4537 sacerdotibus

158 4560 493 4679 iapp-raqquqodoransttotn
511 4559 910 4626 tn·truendts·‚,ranctls“·
932 4560 962 4608 et
975 4554 1292 4624 ·‚,aanctisatprlr“
1319 4557 1524 4608 observandam
1549 4564 1635 4617 supra
1663 4552 1782 4605 attimar

203 4640 449 4779 stmimqusq
475 4686 651 4779 licitantes,
669 4714 813 4777 Etooldoe
830 4704 885 4777 alh
903 4674 1015 4779 qnorum
1033 4714 1125 4764 tamen
1142 4712 1215 4765 ratio
1227 4724 1288 4777 ,non
1305 4712 1418 4779 eadem,
1444 4713 1473 4763 et
1488 4702 1530 4762 ttt't'
1544 4698 1735 4763 rere'utverra
1750 4708 1783 4758 ut

158 4778 310 4904 lampa
311 4784 454 4905 pectem
448 4792 473 4903 en
474 4783 667 4904 pottissimum,
683 4783 813 4835 caeterae
824 4780 1004 4847 'moqutatu
1016 4782 1181 4870 'exemplo-,2¹¹
1196 4782 1280 4861 altepl
1301 4779 1635 4857 rudimentorum
1657 4776 1782 4845 rationes
