3894 5274
1039 272 1080 381 ,6,

258 521 353 600 (nrm
375 508 443 579 *aab
464 508 596 596 paratim
617 510 886 591 quemadmodum
907 512 973 574 aa
993 514 1027 573 iu
1049 512 1241 592 praeliorum
1261 512 1426 593 angustiis
1439 510 1525 575 idem
1545 510 1578 573 si
1591 507 1732 573 iecerint
1753 508 1876 574 dicitur

258 625 327 685 lore
349 626 386 681 ut
407 615 499 678 Deus
519 631 653 694 „eorum
676 612 887 676 recordetur“
908 614 930 674 i.
952 633 984 676 e.
1005 632 1099 701 opem
1120 613 1215 676 forat.
1259 613 1312 675 llx
1335 630 1398 693 quo
1420 613 1492 674 loco
1512 620 1605 693 patet
1626 614 1727 677 ritum
1752 623 1874 677 caem-

259 729 305 787 ris
326 736 453 803 quoque
474 716 650 779 noviluniis
671 726 705 778 et
727 714 825 776 iestis
847 713 952 777 fuisse
977 715 1153 778 solennem.
1186 714 1312 793 Quibus
1325 712 1461 796 proinde
1481 713 1544 776 hoc
1560 714 1875 795 septimumeucto

259 828 369 910 potius
391 820 591 899 clangore
614 818 792 881 eminuisse
814 815 995 898 putandum
1017 825 1087 900 est3
1109 828 1283 900 praeterea
1304 816 1456 880 sabbathi
1477 818 1657 881 sanctitate
1671 827 1708 880 et
1722 814 1875 900 pwulia-

260 931 350 992 ribus
371 919 540 986 sacrificiis
562 919 603 981 ab
620 920 685 983 illis
705 920 906 983 distinctum
1022 952 1024 957 ·

343 1063 375 1123 b.
396 1053 523 1121 Deinde
544 1074 602 1119 vv.
623 1055 766 1134 2642
795 1054 956 1117 decimo
978 1054 1102 1116 mensis
1131 1053 1184 1116 die
1205 1054 1260 1135 (et
1288 1073 1309 1116 a
1341 1057 1437 1116 noni
1466 1053 1597 1136 quidem
1627 1073 1770 1137 vespera
1797 1054 1876 1119 inde

260 1158 487 1238 celebrandus,
507 1165 544 1219 nt
565 1166 620 1221 est
646 1178 681 1219 v.
709 1156 772 1238 at)
795 1155 818 1220 d
825 1155 838 1220 i
844 1174 886 1217 ea
906 1152 1174 1238 espiatioot'a
1196 1157 1336 1250 (cappae-r
1357 1156 1434 1237 aaa),
1470 1156 1512 1220 ad
1541 1157 1738 1239 expiandum
1765 1176 1877 1240 popu-

261 1275 326 1334 lum
348 1285 367 1327 a
389 1262 518 1325 delictis
538 1279 596 1340 per
616 1278 735 1322 aunum
758 1260 944 1322 commissis
965 1259 1149 1339 institutus,
1179 1257 1339 1321 sabbatho
1366 1277 1429 1320 nou
1457 1260 1563 1322 solnm
1586 1262 1702 1345 (troad
1715 1264 1784 1326 aad
1797 1263 1818 1323 i.
1840 1278 1878 1343 q.

262 1373 332 1438 narii
360 1365 401 1429 ci.
424 1384 456 1424 v.
477 1361 519 1443 3)
542 1379 569 1425 s.
590 1365 745 1424 concione
764 1379 862 1424 sacra
882 1370 917 1423 et
938 1362 1047 1441 operis
1068 1362 1319 1443 intermissione,
1341 1361 1399 1423 scd
1417 1359 1582 1442 jejunio
1603 1363 1704 1424 etiam
1719 1373 1879 1449 saumns3

262 1491 343 1555 quae
365 1468 473 1529 omnia
494 1473 627 1545 propter
648 1465 801 1525 eximiam
821 1462 904 1549 ritds
926 1464 1117 1545 religionem
1138 1465 1246 1543 capite
1267 1464 1404 1533 sancita.
1448 1464 1655 1545 Expiationis
1669 1458 1772 1547 ipsius
1789 1467 1881 1530 ritus

263 1577 402 1640 habetur
423 1585 494 1647 cap.
519 1565 569 1629 16.
1617 1587 1619 1591 ·

347 1744 375 1786 c.
395 1722 544 1800 Denique
566 1737 625 1779 vv.
646 1715 792 1779 33-36
820 1736 841 1779 a
870 1715 1191 1799 decimoquinto
1218 1715 1293 1779 iude
1320 1719 1445 1780 mensis
1474 1718 1538 1782 die'
1556 1717 1875 1800 „lobermocttlorum

263 1826 408 1913 festum‘
430 1821 556 1916 (cispa
583 1818 653 1900 tn),
674 1819 743 1900 pari
764 1836 838 1880 cum
859 1837 1048 1902 azymorum
1070 1820 1226 1903 religione
1247 1837 1305 1900 per
1334 1830 1494 1900 septem
1516 1819 1588 1885 dies
1607 1824 1877 1906 continuandum,

265 1934 327 1995 nisi
348 1923 434 2009 quod
456 1932 632 1987 octavus
670 1938 728 2001 pro
750 1922 890 2000 septimo
912 1921 1094 1984 sabbathali
1115 1921 1180 1984 ritu
1203 1930 1341 1984 sanctus
1360 1932 1464 2002 esset,
1496 1936 1595 2014 nm
1614 1924 1727 1991 dietus
1747 1945 1769 1990 a
1790 1946 1878 1992 oon-

264 2038 358 2098 cionc
393 2044 505 2105 sacra,
548 2033 583 2086 et
615 2021 849 2084 sacrificiorum
882 2027 1023 2099 numero}
1044 2021 1159 2104 (Num.
1181 2022 1234 2103 29,
1257 2023 1300 2085 12
1320 2040 1411 2103 seqq.
1434 2023 1593 2108 definito)
1611 2029 1752 2092 caeteris
1773 2031 1880 2093 mula„

265 2132 454 2208 excelleret,
475 2127 616 2189 omnium
638 2124 1007 2207 magnificentissimum.

353 2283 421 2348 Sed
432 2289 506 2362 post
517 2279 694 2342 clausulam
713 2297 770 2339 vv.
785 2276 891 2340 3238
909 2278 984 2339 huic
1000 2276 1160 2338 festorum
1176 2277 1308 2339 tabulae
1326 2276 1468 2341 additam
1488 2278 1604 2344 aliud
1632 2276 1881 2364 inopinantibus

268 2387 460 2470 supervenit
476 2401 531 2444 vv.
546 2380 675 2444 39-44
694 2379 734 2441 dc
750 2398 903 2460 supremo
915 2380 968 2440 illo
987 2378 1357 2442 tabernaculorum
1379 2379 1491 2443 festo
1509 2381 1588 2444 thi
1605 2381 1760 2468 edictum,
1782 2389 1880 2468 quasi

267 2492 345 2554 nihil
364 2490 404 2551 de
415 2488 478 2548 boc
490 2483 609 2546 dixerit
615 2481 685 2563 jam
697 2481 801 2543 denuo
813 2481 1033 2562 praecipieus3
1057 2490 1241 2543 nontamen
1255 2482 1499 2545 solitocaeteris
1518 2483 1651 2548 exordio
1675 2491 1730 2567 „et
1745 2484 1875 2553 loeutus

266 2589 429 2656 elelevb“
441 2599 515 2667 eto,
536 2576 596 2646 sed
608 2585 766 2664 particula
779 2597 821 2671 ips
836 2599 999 2660 exorsum,
1020 2600 1104 2663 quac
1118 2580 1240 2645 dictum
1255 2585 1449 2666 corrigentis
1463 2588 1520 2648 vel
1528 2585 1716 2667 definientis
1733 2601 1796 2655 est.
1819 2593 1879 2657 Sic

269 2707 378 2759 autem
391 2692 508 2753 babet:
528 2703 640 2748 oerum
656 2681 720 2746 15*ῠ
731 2681 862 2764 septimi
877 2681 1001 2746 mensio
1014 2682 1079 2760 die,
1100 2702 1172 2746 eum
1186 2682 1385 2748 intuleritiio
1394 2692 1587 2766 prooemium
1604 2693 1729 2770 terroe,
1746 2686 1874 2776 festum

268 2795 342 2862 Jboi
364 2785 571 2858 celebrabitis
592 2789 843 2868 (arna-tn-nu
864 2785 957 2866 ono)
979 2789 1100 2867 septem
1127 2783 1258 2849 diebus:
1278 2785 1386 2869 primo
1415 2786 1469 2850 die
1495 2786 1701 2857 Sabbatbum
1727 2794 1874 2880 (ponam)

268 2904 299 2963 el
321 2901 431 2961 octavo
452 2890 507 2955 die
526 2885 753 2951 sabbathum‘.
797 2886 879 2947 'lum
901 2907 957 2949 vv.
979 2886 1107 2949 ato-42
1129 2886 1237 2951 ritds
1259 2889 1337 2951 festi
1358 2891 1505 2970 pluribus
1526 2893 1759 2959 adumbrantur
1776 2900 1877 2979 plane

269 2997 424 3082 incogniti
447 2995 618 3072 hucusque
640 3001 674 3052 et
697 2989 789 3051 novi:
810 2986 1032 3074 „sumetisque
1054 2987 1143 3052 cobis
1162 2988 1271 3072 primo
1292 2989 1346 3053 die
1364 2986 1669 3073 fraottiaorborum
1678 2994 1876 3064 decoratum

269 3105 358 3188 (πῃ
374 3099 437 3188 pu)
459 3098 491 3156 et
512 3111 623 3159 ramos
641 3087 830 3173 pulmarum
852 3095 883 3152 el
905 3089 1025 3152 densae
1044 3085 1179 3171 frondis
1200 3089 1357 3156 orborum
1386 3094 1549 3186 (naz-pat
1575 3100 1648 3186 qap)
1676 3104 1709 3162 et
1735 3098 1879 3166 salictam

269 3196 441 3277 torrentis,
464 3200 495 3257 et
515 3189 724 3257 laetabimini
754 3209 864 3253 coram
894 3188 974 3253 Jtoo
996 3190 1054 3254 deo
1076 3198 1183 3254 oestro
1204 3194 1240 3274 (i.
1262 3215 1291 3256 e.
1321 3196 1408 3256 laeta
1435 3196 1619 3264 festivitate
1648 3203 1777 3286 agetis)
1799 3223 1878 3288 sep-

270 3312 336 3371 tem
363 3295 497 3372 diebuo3
524 3299 563 3359 dl
594 3298 626 3356 et
648 3289 855 3357 celebrabilis
885 3311 959 3354 eom
984 3287 1110 3376 festum
1144 3291 1224 3357 Jtoo
1251 3299 1372 3377 septem
1406 3295 1528 3365 dietae?
1546 3321 1610 3386 per
1629 3323 1778 3383 annum,-
1807 3306 1879 3372 rito

269 3408 424 3490 perpetuo
442 3389 718 3481 persecutionibus
739 3392 859 3458 cestris
879 3393 915 3456 in
936 3414 1047 3458 menae
1068 3393 1203 3476 septimo
1225 3393 1433 3461 celebrabitis
1453 3421 1536 3466 eum.
1586 3406 1630 3470 42
1644 3406 1683 3469 io
1709 3405 1880 3473 umbro·

272 3506 383 3575 culis
406 3507 524 3594 (cispa
546 3501 566 3558 i.
589 3517 617 3558 e.
640 3499 729 3565 casis
752 3517 795 3558 ex
818 3495 985 3559 frondibus
1007 3500 1170 3578 ramisque
1192 3501 1373 3580 consertis]
1395 3498 1589 3569 habitabitis
1608 3513 1732 3591 septem
1753 3508 1879 3590 diebus,

272 3627 382 3675 omnes
393 3601 571 3684 indipenoe
581 3595 618 3661 in
629 3595 755 3661 lsraeie
764 3594 959 3662 habitatum
971 3598 1007 3662 iri
1026 3596 1260 3664 umbraculam
1285 3601 1422 3666 Causa
1436 3607 1534 3668 etiam
1551 3607 1768 3693 iestiadjccta
1778 3614 1879 3681 vnss:

273 3719 331 3794 „ut
349 3708 458 3773 soient
467 3699 697 3787 penerotiones
718 3705 846 3764 vestroe
856 3703 1019 3783 (posteri)
1032 3701 1117 3788 quood
1137 3701 1173 3764 in
1196 3701 1400 3768 umbraculis
1410 3703 1565 3772 babitare
1578 3703 1720 3791 fecerim
1727 3709 1880 3796 filioalo-

273 3810 376 3880 ecelis
396 3827 469 3873 cum
491 3804 661 3868 educerem
692 3804 893 3865 emeterio
914 3802 1076 3886 Aepppti:
1098 3823 1154 3887 epo
1176 3804 1261 3869 Jtol
1283 3805 1362 3868 detto
1383 3811 1522 3872 oester“.
1563 3813 1713 3896 Denique
1735 3819 1881 3895 clausula

272 3921 392 3980 iterata
414 3931 447 3971 u.
468 3912 526 3970 44:
549 3909 605 3983 „et
626 3901 752 3994 loeutus
773 3907 823 3966 est
844 3901 959 3968 Moses
979 3899 1070 3987 festa
1091 3905 1167 3970 Jtvt
1189 3908 1285 3988 (rom
1310 3910 1423 3990 rnatu)
1442 3910 1488 3973 ad
1503 3906 1593 3993 (ilios
1613 3913 1788 3983 lsraelia‘ss

357 4084 460 4143 Istam
482 4079 612 4160 quidem
635 4072 844 4155 appendicem
867 4075 907 4135 ab
929 4074 1001 4154 ipso
1024 4084 1120 4140 textu
1141 4078 1319 4140 alienam
1341 4098 1418 4142 esse
1434 4093 1467 4143 et
1482 4082 1679 4169 additioiam,
1701 4091 1802 4172 primo
1821 4094 1883 4156 ob-

274 4194 349 4250 tutu
371 4192 479 4265 patet3
501 4180 534 4242 id
556 4188 685 4242 tautum
707 4175 856 4258 ambigas
878 4185 987 4237 utrum
1007 4195 1065 4257 pro
1088 4178 1230 4263 glossa
1251 4180 1400 4244 habenda
1421 4185 1465 4246 sit
1488 4184 1528 4246 ad
1547 4190 1787 4266 explanandum
1808 4195 1887 4265 lesti

275 4307 392 4352 nomen
415 4297 448 4348 et
469 4279 654 4344 afferendos
677 4278 773 4341 simul
794 4275 877 4339 sitris
899 4276 1020 4359 addita,
1040 4297 1080 4341 an
1103 4280 1232 4343 aliunde
1257 4282 1306 4362 (b.
1323 4304 1350 4346 e.
1367 4304 1410 4346 cx
1423 4286 1484 4346 alio
1496 4286 1655 4353 festorum
1668 4296 1799 4380 ordine)
1822 4300 1887 4363 buc

275 4388 444 4453 translata.
486 4385 531 4447 Et
553 4384 614 4446 hoc
636 4382 724 4479 mihi.
736 4381 881 4462 pluribus
904 4382 1108 4462 argumentis
1129 4384 1293 4465 probatur.
1349 4387 1435 4451 Nam
1464 4390 1493 4448 si
1519 4391 1633 4472 glossa
1660 4410 1774 4479 esset„
1806 4421 1886 4465 sane

275 4512 338 4558 nec
359 4493 421 4554 hoo
443 4489 524 4570 loco,
547 4495 622 4568 post
644 4488 744 4547 totius
767 4483 885 4563 eapitis
907 4481 1097 4566 clausulam,
1118 4487 1347 4567 intempestive
1370 4486 1550 4554 addidisset
1563 4512 1687 4580 auctor,
1708 4520 1769 4566 neo
1782 4513 1893 4569 totum
