3894 5274
931 292 959 374 ³4

306 531 370 614 ol.)
399 551 501 618 usqtce
530 529 576 593 ad
601 532 767 613 monem).
811 532 861 594 19.
884 529 1121 594 Primitiae
1146 525 1346 614 scopumll)
1375 529 1453 614 apri
1480 529 1531 594 itti
1562 528 1693 615 deferes
1721 529 1763 596 in

310 636 439 698 domum
461 621 559 727 Πιιῆἱ
581 628 706 695 domini
728 631 802 708 ταὶς
824 652 865 695 ne
886 652 1005 718 coquos
1027 631 1164 696 hoedum
1187 632 1225 696 in
1246 630 1331 696 lecte
1353 633 1508 696 moiris.“

220 739 325 802 Vides
347 740 400 800 bie
423 756 540 798 unam
564 745 707 817 tautum,
735 755 800 797 non
823 736 986 816 duplicem
1000 746 1042 799 ‚et
1067 738 1251 820 ambiguam
1274 736 1433 821 cujusque
1455 735 1533 797 festi
1556 755 1633 798 esse
1655 739 1762 799 ratio-

137 852 221 894 nem·
264 844 408 905 Primum
431 841 516 900 enim
541 840 688 919 quoniam
712 846 815 898 totum
837 841 868 900 in
892 835 1037 900 exitiis
1061 859 1109 900 ex
1131 842 1325 921 Aegypto
1348 849 1502 900 versatur
1526 858 1763 901 commemora·
1819 887 1823 895 .

139 938 243 1015 lione,
273 955 545 1026 μνημοσυνον
575 959 671 1020 esse,
700 956 804 1020 eoque
834 940 874 1002 ad
904 941 1152 1004 historicum
1182 960 1288 1024 genus
1312 941 1518 1002 referendum
1549 943 1762 1025 intelligitur:

138 1048 288 1118 caetera,
319 1059 340 1100 a
368 1039 579 1106 fruetuum
608 1044 818 1104 messibus
846 1042 1068 1124 denominata,
1102 1044 1141 1106 ad
1171 1045 1390 1126 agrarium.
1435 1043 1627 1106 Communia
1649 1054 1763 1106 autem

138 1143 289 1204 omnibus
310 1142 395 1204 baec
418 1144 479 1202 tria
496 1144 564 1227 jem
588 1152 747 1226 apparent
777 1163 862 1225 quae
884 1144 926 1206 ad
948 1145 1211 1208 instinctionem
1240 1149 1272 1206 in
1303 1148 1462 1208 universa
1482 1149 1680 1227 antiquitate
1702 1165 1763 1207 re·

138 1232 320 1327 quitantur.
362 1245 508 1306 Primum
539 1258 577 1311 ut
605 1249 907 1309 anniversaria
935 1250 1002 1308 sint
1023 1258 1057 1310 et
1086 1258 1218 1311 stata:
1247 1248 1404 1328 siquidem
1433 1258 1495 1310 ter
1522 1251 1698 1329 quotannis
1728 1258 1764 1311 et

140 1358 232 1411 certo
255 1347 405 1429 quodque
429 1356 618 1428 tempor-e
632 1349 836 1412 «celebranda
857 1353 1116 1434 praecipiuntur3
1138 1352 1226 1414 unde
1241 1350 1401 1411 festorum
1421 1369 1538 1412 nomen
1562 1351 1657 1413 fluxit
1680 1352 1763 1429 aazia

139 1450 244 1532 [quod
266 1459 335 1511 turn
360 1461 489 1531 tempus
512 1452 704 1512 naturavel
724 1452 801 1533 lege
824 1455 1041 1525 coustitutum
1063 1465 1098 1516 et
1121 1454 1307 1531 definitum,
1336 1463 1405 1514 tum
1434 1464 1631 1515 conventum
1655 1456 1763 1533 ipsum

138 1567 286 1635 tempore
308 1571 368 1615 suo
391 1562 426 1614 et
447 1552 520 1614 loco
542 1552 710 1621 delinitum
732 1553 927 1636 significat).
953 1559 1114 1636 „'l'empus
1136 1555 1266 1637 quidem
1289 1556 1320 1616 h.
1343 1557 1363 1617 l.
1384 1556 1527 1616 nondum
1551 1555 1602 1616 die
1624 1590 1667 1601 —
1688 1557 1709 1617 i.
1732 1575 1762 1617 e.

140 1660 266 1722 dierum
306 1654 468 1736 cujusque
507 1656 633 1717 mensis
665 1673 818 1734 nurnero,
862 1667 899 1718 ut
930 1667 1046 1738 postea
1081 1692 1125 1706 -
1159 1657 1328 1720 delinitur:
1372 1657 1432 1719 sed
1467 1659 1605 1738 primum
1648 1675 1763 1718 mense

141 1772 269 1826 tantum
288 1751 450 1837 'Abbibh,
486 1758 725 1839 cujus-tamenv
745 1760 844 1820 ettam
873 1759 943 1822 dies
975 1780 1014 1821 eo
1043 1763 1116 1841 ipso
1139 1761 1190 1823 die
1220 1760 1317 1842 eujus
1345 1763 1533 1825 memoriam
1564 1761 1763 1840 celebrabat,

86 1898 88 1903 v
140 1863 252 1928 exitiis
282 1882 326 1924 ex
353 1862 526 1942 Aegypto,
556 1858 711 1938 definitus
734 1871 824 1944 erat,
862 1871 994 1925 caetera
1023 1872 1134 1926 autem
1164 1882 1344 1925 annuarum
1374 1873 1607 1944 tempestatum
1640 1862 1763 1942 ordine,

139 1986 237 2054 quem
265 1983 324 2047 pro
354 1963 437 2025 coeli
463 1963 552 2024 illius
581 1966 707 2025 ratione
728 1965 811 2044 ipsis
832 1967 1015 2048 nominibus
1038 1968 1127 2046 suis,
1156 1985 1176 2027 a
1204 1966 1284 2027 festi
1312 1968 1485 2035 occasione
1514 1965 1677 2027 desumtis
1708 1967 1765 2044 (ut

140 2074 264 2136 festum
285 2065 775 2150 „messis“,„primitiarum“,
797 2068 1074 2149 „collectionis“)
1097 2087 1176 2148 prae
1198 2086 1237 2130 se
1260 2069 1387 2149 ferunt,
1410 2071 1543 2129 tertium
1563 2088 1643 2129 vero
1663 2069 1765 2128 etiam

140 2174 269 2256 adjecto
290 2173 352 2252 „in
376 2170 467 2230 exitu
491 2169 596 2229 anni“
612 2170 771 2250 apertius
794 2168 945 2232 declarat.
990 2169 1115 2232 Deinde
1139 2181 1176 2232 ut
1198 2168 1357 2252 „omnis
1385 2167 1600 2232 morcellos
1627 2188 1766 2232 coram

138 2272 256 2362 faeie
283 2269 607 2353 deceptionem,
638 2272 670 2332 11.
693 2290 723 2333 e.
757 2281 795 2334 ut
824 2274 990 2352 publice
1020 2274 1248 2354 celebrentur,
1284 2274 1490 2334 universo
1523 2273 1677 2353 populo
1716 2271 1766 2334 ad
1806 2325 1809 2331 .

141 2379 376 2443 sacrarium
400 2382 684 2457 congregato,
714 2377 869 2438 concione
892 2394 977 2456 quae
1000 2375 1134 2439 Graccis
1156 2394 1398 2457 πανηγυρις
1417 2375 1472 2435 vel
1496 2371 1640 2447 ovvodoe
1662 2374 1766 2457 audit,

211 2637 259 2694 12)
285 2635 344 2682 Duo
370 2635 533 2698 praecepta,
566 2643 621 2680 non
650 2644 742 2684 unum.
792 2631 911 2683 Primum
944 2633 1004 2683 sine
1034 2634 1114 2684 dubio
1144 2635 1321 2683 referendum
1353 2636 1389 2684 ad
1420 2635 1493 2684 ferta
1519 2633 1637 2720 (1111313)
1663 2636 1767 2686 bestiis

145 2722 240 2772 addita
257 2732 313 2770 non
330 2718 522 2768 fermentantis
541 2714 606 2783 (sed
628 2712 768 2776 saltenda)
788 2718 900 2783 exlege
918 2716 1031 2781 11111.2,
1051 2720 1090 2770 11.
1127 2721 1252 2769 Alterum
1276 2721 1311 2768 ad
1329 2731 1439 2769 earnem
1458 2701 1594 2769 sacrificii
1606 2724 1701 2771 eodem
1719 2723 1766 2772 die

141 2806 344 2870 comedendam,
361 2817 413 2853 nee
430 2804 572 2866 quiequam
590 2799 651 2867 ejus
671 2803 706 2852 ad
723 2815 803 2852 mane
820 2804 1039 2870 relinquendum,
1057 2806 1197 2866 pertinere
1214 2805 1333 2869 videtur,
1353 2807 1463 2868 exlege
1479 2807 1603 2868 pluriims
1619 2808 1767 2857 sacrifieiis

1 2861 129 2987 spfflp
142 2893 291 2943 communi:
311 2890 492 2940 eucharistico
505 2891 572 2939 [ιον
586 2888 612 2951 7,
634 2888 674 2941 ts.
692 2888 736 2952 22,
754 2888 805 2949 39,
823 2889 1043 2954 inauguratiouls
1063 2892 1238 2940 sacerdotum
1258 2885 1387 2985 (311313)
1406 2893 1455 2940 Ex
1474 2891 1519 2955 29,
1536 2891 1579 2940 34.
1597 2894 1664 2943 Lev
1680 2895 1698 2942 8
1701 2894 1767 2960 ,32,

91 2915 259 3039 Udenique
277 2976 401 3038 paschali
418 2977 470 3026 Ex.
490 2975 577 3040 12,8.
612 2975 668 3023 Pro
694 2984 803 3023 carne
826 2977 853 3024 b.
872 2978 890 3025 1.
908 2976 978 3025 satis
998 2976 1068 3024 mire
1086 2977 1196 3037 adeps
1214 2958 1348 3042 positus,
1367 2977 1413 3038 qui
1430 2978 1523 3025 tamen
1540 2989 1596 3025 non
1614 2978 1768 3028 comeditur

141 3065 191 3116 sed
208 3063 267 3112 Deo
284 3061 460 3111 comburitur.

213 3162 260 3230 13)
285 3165 482 3253 Η1111.13133
505 3164 615 3245 11113111
632 3161 757 3226 plerique
769 3163 988 3226 rnterpretantur
1005 3164 1141 3226 primas
1160 3163 1400 3226 primitiarum
1419 3165 1467 3213 vel
1484 3162 1667 3226 primitias
1686 3166 1768 3215 1111-

143 3265 219 3318 gum
238 3229 482 3312 praeconium,
500 3246 560 3300 scil.
578 3249 605 3300 11.
623 3249 642 3298 l.
659 3248 882 3299 hordeaceas
900 3248 1485 3312 infestol'aschalloblatasexlegebev.
1498 3250 1542 3316 23,
1560 3251 1577 3298 9
1595 3263 1635 3311 sq
1650 3252 1769 3300 auctore

143 3333 291 3389 Abenezra
308 3333 505 3396 intelligendas
523 3346 586 3383 esse
603 3334 678 3397 rati,
699 3335 796 3396 quippe
814 3334 959 3384 triticeis
951 3348 979 3382 tn
997 3335 1070 3382 sesto
1084 3333 1263 3382 Pentecostes
1283 3334 1431 3384 offerendis
1450 3337 1535 3384 multo
1553 3335 1671 3397 priores.
1709 3337 1768 3386 Sed

141 3423 316 3489 praeceptum
329 3431 391 3469 enm
405 3421 440 3470 ad
457 3419 545 3469 omnis
563 3420 676 3482 generis
693 3419 830 3481 primitias
848 3421 997 3484 pertineat,
1016 3417 1126 3481 saepius
1143 3418 1317 3481 inculcatum,
1338 3421 1443 3469 temere
1459 3421 1495 3469 ad
1511 3421 1680 3470 hordeaceas
1699 3421 1767 3471 illas

142 3509 325 3572 restringitur
345 3504 421 3570 (huie
437 3507 501 3555 loeo
520 3504 632 3554 minime
648 3506 856 3564 obtrudendas).
890 3506 995 3556 Deinde
1012 3518 1080 3553 usne
1098 3506 1249 3568 repugnat:
1268 3518 1331 3556 narn
1348 3510 1456 3586 naq-'pq
1474 3505 1543 3553 nibil
1560 3506 1635 3554 alind
1651 3503 1703 3554 usti
1723 3509 1767 3555 est

143 3604 370 3674 11111313133.
386 3595 533 3653 utrumqne
551 3583 651 3657 11111111,
667 3590 703 3639 et
712 3591 867 3653 promiscue
884 3591 960 3657 tere,
987 3591 1021 3639 de
1045 3590 1310 3652 primitiislieo
1328 3591 1449 3640 saeris
1475 3589 1606 3649 solenne,
1630 3590 1664 3640 et.
1684 3591 1766 3643 Num.

143 3682 189 3747 18,
207 3681 240 3730 12
257 3693 317 3730 curn
334 3691 362 3726 v
381 3675 423 3724 13.
448 3678 516 3727 Nelt.
536 3677 579 3740 19,
596 3677 710 3727 36111111
728 3688 754 3724 v.
772 3676 823 3741 483
841 3678 895 3727 nisi
913 3676 983 3739 quod
1000 3675 1068 3724 illud
1086 3677 1114 3724 vi
1130 3686 1182 3724 sna
1199 3675 1284 3724 latius
1304 3675 1474 3736 aliquantum
1492 3673 1604 3737 pateat,
1623 3676 1657 3723 de
1675 3677 1766 3727 omnir

144 3767 256 3834 generis
275 3761 404 3826 primitiis
422 3762 522 3812 dictum
541 3763 585 3821 (ut
601 3762 683 3811 Dent
702 3761 745 3823 18,
765 3762 790 3812 t.
815 3762 859 3828 26,
877 3762 902 3812 2.
921 3760 984 3828 to),
1009 3763 1060 3811 boc
1077 3761 1111 3810 de
1127 3761 1265 3810 fruetuum
1282 3762 1404 3825 tantum,
1429 3761 1457 3809 et
1475 3759 1615 3824 frugum
1633 3772 1767 3822 praeser-

142 3855 194 3906 11111
215 3850 344 3915 primitiis
367 3849 508 3914 annuis,
532 3847 704 3911 11111112,
724 3846 875 3901 12111111.
896 3850 935 3899 14.
958 3847 1087 3912 bound,
1106 3847 1150 3901 17.
1183 3847 1260 3896 Num.
1279 3847 1323 3910 28,
1341 3847 1384 3897 26.
1408 3846 1435 3899 2.
1453 3843 1523 3907 Reg.
1542 3847 1570 3907 4,
1589 3845 1631 3894 42.
1668 3848 1767 3910 ltaque

143 3932 205 3995 tir.
222 3938 342 3994 alterum
358 3933 441 3983 alteri
457 3933 684 3985 abundanter
700 3931 820 3982 additum
838 3922 1002 4002 putandum,
1020 3935 1052 3982 ut
1067 3935 1144 3982 reete
1163 3929 1304 3983 Gerendus
1321 3945 1350 3980 v.
1368 3940 1480 3996 311133
1497 3930 1558 3992 [qni
1576 3930 1667 3981 tamen
1686 3946 1765 3983 men-

143 4026 200 4075 tem
218 4021 335 4073 mutavit
351 4020 380 4069 111
396 4021 467 4070 thes.
485 4033 512 4073 v.
529 4019 668 4083 1111311111
691 4017 731 4066 tta
749 4021 839 4069 tamen
863 4021 894 4070 ut
911 4032 971 4068 curn
989 4019 1067 4081 prins
1085 4016 1152 4065 illud
1171 4029 1283 4078 genus
1301 4015 1509 4081 obumbrasset,
1533 4018 1586 4065 hoc
1604 4021 1766 4079 speciem

144 4106 282 4176 adjiceret
301 4105 538 4170 (quemadmodum
556 4118 583 4153 v.
598 4105 631 4152 16
647 4103 709 4152 voci
726 4117 807 4186 ''th
826 4102 1022 4170 subjunctum).
1057 4102 1131 4152 ldenr
1142 4102 1356 4165 deprehenditur
1371 4104 1443 4166 apud
1460 4102 1640 4153 liezelrielem
1657 4109 1702 4171 44,
1720 4107 1766 4173 991

144 4196 191 4246 vel
208 4209 243 4245 ex
258 4195 284 4243 11.
302 4194 321 4245 1.
340 4193 509 4256 desumtum,
527 4191 573 4240 vel
591 4202 624 4239 ex
641 4190 720 4241 Nom.
740 4191 783 4253 18,
802 4189 842 4238 12.
865 4189 900 4239 ta
913 4194 962 4249 (ex
979 4200 1031 4251 quo
1048 4188 1137 4249 capite
1155 4190 1231 4238 totus
1256 4189 1304 4238 iile
1321 4190 1399 4239 ioens
1417 4187 1452 4237 de
1469 4189 1629 4238 heritarum
1657 4192 1765 4240 emotu-

144 4281 246 4331 mentis
269 4278 427 4329 1.28-31
447 4271 593 4340 manavit).
630 4275 797 4336 Qtramquaor
813 4275 864 4325 troc
882 4276 964 4324 etiam
982 4274 1052 4323 terri
1065 4273 1157 4335 possit
1175 4276 1204 4321 ut
1222 4274 1350 4335 fruges
1369 4273 1492 4339 ipsae,
1517 4276 1655 4336 tamqnam
1678 4277 1767 4327 anni

145 4364 279 4432 cujusque
301 4364 440 4427 primitiae
466 4362 483 4410 i.
502 4375 526 4410 e.
549 4360 631 4424 primi
649 4358 800 4422 prevertitis
824 4362 851 4413 11.
871 4361 1017 4424 1311133
1043 4361 1132 4409 dictae
1155 4359 1228 4422 siut,
1262 4359 1483 4424 quemadmodum
1505 4359 1630 4425 ejusdem
1655 4365 1767 4424 generis

145 4446 850 4514 11111111111111.11111111113131331111111111,
874 4449 906 4495 ut
929 4458 1001 4496 uvae
1026 4440 1473 4512 Νιι111.13,29,111111Ν111.8,
1499 4446 1550 4509 12,
1574 4447 1673 4508 quibus
1698 4460 1768 4511 pro-

146 4541 225 4604 prios
247 4537 450 4626 1113113133
468 4530 724 4627 111.,3333,111111
736 4543 797 4582 vox
813 4545 856 4595 pr.
870 4534 918 4582 est
933 4528 1123 4598 adieetira).
