<?xml version="1.0" encoding="UTF-8"?>
<!DOCTYPE html PUBLIC "-//W3C//DTD XHTML 1.0 Transitional//EN"
    "http://www.w3.org/TR/xhtml1/DTD/xhtml1-transitional.dtd">
<html xmlns="http://www.w3.org/1999/xhtml" xml:lang="en" lang="en">
 <head>
  <title>
</title>
<meta http-equiv="Content-Type" content="text/html;charset=utf-8" />
  <meta name='ocr-system' content='tesseract 3.04.00' />
  <meta name='ocr-capabilities' content='ocr_page ocr_carea ocr_par ocr_line ocrx_word'/>
</head>
<body>
  <div class='ocr_page' id='page_1' title='image "./sacrachristipas00hupfgoog_0043.png"; bbox 0 0 3894 5274; ppageno 0'>
   <div class='ocr_carea' id='block_1_1' title="bbox 977 299 1002 380">
    <p class='ocr_par' dir='ltr' id='par_1_1' title="bbox 977 299 1002 380">
     <span class='ocr_line' id='line_1_1' title="bbox 977 299 1002 380; baseline 0 0"><span class='ocrx_word' id='word_1_1' title='bbox 977 299 1002 380; x_wconf 81' lang='lat'>8</span> 
     </span>
    </p>
   </div>
   <div class='ocr_carea' id='block_1_2' title="bbox 89 533 1824 3287">
    <p class='ocr_par' dir='ltr' id='par_1_2' title="bbox 89 533 1824 3287">
     <span class='ocr_line' id='line_1_2' title="bbox 185 533 1804 627; baseline -0.003 -24"><span class='ocrx_word' id='word_1_2' title='bbox 185 538 298 603; x_wconf 80' lang='lat' dir='ltr'><strong>eadem</strong></span> <span class='ocrx_word' id='word_1_3' title='bbox 320 540 417 602; x_wconf 83' lang='lat' dir='ltr'><strong>etiam</strong></span> <span class='ocrx_word' id='word_1_4' title='bbox 439 538 578 601; x_wconf 80' lang='lat' dir='ltr'><strong>formula</strong></span> <span class='ocrx_word' id='word_1_5' title='bbox 599 557 673 602; x_wconf 92' lang='lat' dir='ltr'><strong>cum</strong></span> <span class='ocrx_word' id='word_1_6' title='bbox 694 536 912 621; x_wconf 84' lang='lat' dir='ltr'><strong>primogradu</strong></span> <span class='ocrx_word' id='word_1_7' title='bbox 934 554 1098 599; x_wconf 68' lang='lat' dir='ltr'><strong>connew</strong></span> <span class='ocrx_word' id='word_1_8' title='bbox 1132 533 1194 600; x_wconf 64' lang='lat' dir='ltr'><strong>aab</strong></span> <span class='ocrx_word' id='word_1_9' title='bbox 1215 549 1335 601; x_wconf 60' lang='lat' dir='ltr'><strong>bouem</strong></span> <span class='ocrx_word' id='word_1_10' title='bbox 1356 555 1388 598; x_wconf 84' lang='lat' dir='ltr'><strong>v.</strong></span> <span class='ocrx_word' id='word_1_11' title='bbox 1402 536 1444 598; x_wconf 82' lang='lat'><strong>15</strong></span> <span class='ocrx_word' id='word_1_12' title='bbox 1461 547 1497 600; x_wconf 88' lang='lat' dir='ltr'><strong>et</strong></span> <span class='ocrx_word' id='word_1_13' title='bbox 1514 534 1554 627; x_wconf 53' lang='grc' dir='ltr'><strong>ᾔ</strong></span> <span class='ocrx_word' id='word_1_14' title='bbox 1574 551 1675 604; x_wconf 57' lang='lat' dir='ltr'><strong>nuber</strong></span> <span class='ocrx_word' id='word_1_15' title='bbox 1696 536 1749 617; x_wconf 75' lang='lat'><strong>25,</strong></span> <span class='ocrx_word' id='word_1_16' title='bbox 1769 537 1804 601; x_wconf 86' lang='grc'><strong>8.</strong></span> 
     </span>
     <span class='ocr_line' id='line_1_3' title="bbox 184 640 1805 723; baseline -0.001 -17"><span class='ocrx_word' id='word_1_17' title='bbox 184 645 365 723; x_wconf 86' lang='lat' dir='ltr'><strong>Utrumque</strong></span> <span class='ocrx_word' id='word_1_18' title='bbox 400 644 485 704; x_wconf 91' lang='lat' dir='ltr'><strong>enim</strong></span> <span class='ocrx_word' id='word_1_19' title='bbox 513 642 696 704; x_wconf 90' lang='lat' dir='ltr'><strong>institutum</strong></span> <span class='ocrx_word' id='word_1_20' title='bbox 718 643 851 721; x_wconf 86' lang='lat' dir='ltr'><strong>antiquo</strong></span> <span class='ocrx_word' id='word_1_21' title='bbox 874 641 939 701; x_wconf 90' lang='lat' dir='ltr'><strong>ritu</strong></span> <span class='ocrx_word' id='word_1_22' title='bbox 961 640 1199 718; x_wconf 76' lang='lat' dir='ltr'><strong>septenarii</strong></span> <span class='ocrx_word' id='word_1_23' title='bbox 1225 641 1350 700; x_wconf 89' lang='lat' dir='ltr'><strong>numeri</strong></span> <span class='ocrx_word' id='word_1_24' title='bbox 1392 640 1517 702; x_wconf 73' lang='lat' dir='ltr'><strong>ratione</strong></span> <span class='ocrx_word' id='word_1_25' title='bbox 1558 651 1593 703; x_wconf 91' lang='lat' dir='ltr'><strong>et</strong></span> <span class='ocrx_word' id='word_1_26' title='bbox 1620 641 1805 704; x_wconf 78' lang='lat' dir='ltr'><strong>sanctitate</strong></span> 
     </span>
     <span class='ocr_line' id='line_1_4' title="bbox 183 738 1804 825; baseline -0.002 -15"><span class='ocrx_word' id='word_1_27' title='bbox 183 749 380 822; x_wconf 80' lang='lat' dir='ltr'><strong>continetur,</strong></span> <span class='ocrx_word' id='word_1_28' title='bbox 400 762 458 825; x_wconf 89' lang='lat' dir='ltr'><strong>per</strong></span> <span class='ocrx_word' id='word_1_29' title='bbox 479 754 620 824; x_wconf 89' lang='lat' dir='ltr'><strong>quatuor</strong></span> <span class='ocrx_word' id='word_1_30' title='bbox 633 739 757 825; x_wconf 78' lang='lat' dir='ltr'><strong>graduis</strong></span> <span class='ocrx_word' id='word_1_31' title='bbox 780 743 952 805; x_wconf 89' lang='lat' dir='ltr'><strong>continuos</strong></span> <span class='ocrx_word' id='word_1_32' title='bbox 974 738 1016 802; x_wconf 79' lang='lat' dir='ltr'><strong>ad</strong></span> <span class='ocrx_word' id='word_1_33' title='bbox 1037 738 1124 802; x_wconf 76' lang='lat' dir='ltr'><strong>uliud</strong></span> <span class='ocrx_word' id='word_1_34' title='bbox 1146 740 1208 802; x_wconf 83' lang='lat' dir='ltr'><strong>alio</strong></span> <span class='ocrx_word' id='word_1_35' title='bbox 1230 741 1328 803; x_wconf 79' lang='lat' dir='ltr'><strong>altius</strong></span> <span class='ocrx_word' id='word_1_36' title='bbox 1351 740 1520 824; x_wconf 78' lang='lat' dir='ltr'><strong>fastigium</strong></span> <span class='ocrx_word' id='word_1_37' title='bbox 1539 744 1706 804; x_wconf 56' lang='lat' dir='ltr'><strong>evectas</strong></span> <span class='ocrx_word' id='word_1_38' title='bbox 1725 742 1804 807; x_wconf 68' lang='lat' dir='ltr'><strong>oie-</strong></span> 
     </span>
     <span class='ocr_line' id='line_1_5' title="bbox 180 840 1803 929; baseline -0.002 -17"><span class='ocrx_word' id='word_1_39' title='bbox 180 871 251 913; x_wconf 87' lang='lat' dir='ltr'><strong>rum</strong></span> <span class='ocrx_word' id='word_1_40' title='bbox 272 847 402 929; x_wconf 90' lang='lat' dir='ltr'><strong>quidem</strong></span> <span class='ocrx_word' id='word_1_41' title='bbox 423 843 566 925; x_wconf 77' lang='lat' dir='ltr'>heptade</span> <span class='ocrx_word' id='word_1_42' title='bbox 587 845 629 907; x_wconf 74' lang='lat' dir='ltr'><strong>ecl</strong></span> <span class='ocrx_word' id='word_1_43' title='bbox 651 847 916 925; x_wconf 83' lang='lat' dir='ltr'><strong>septimanarum,</strong></span> <span class='ocrx_word' id='word_1_44' title='bbox 949 840 1067 904; x_wconf 83' lang='lat' dir='ltr'><strong>(lebino</strong></span> <span class='ocrx_word' id='word_1_45' title='bbox 1088 859 1256 919; x_wconf 87' lang='lat' dir='ltr'><strong>anuorum,</strong></span> <span class='ocrx_word' id='word_1_46' title='bbox 1290 842 1431 923; x_wconf 84' lang='lat' dir='ltr'><strong>denique</strong></span> <span class='ocrx_word' id='word_1_47' title='bbox 1452 846 1698 924; x_wconf 86' lang='lat' dir='ltr'><strong>septenniomm</strong></span> <span class='ocrx_word' id='word_1_48' title='bbox 1719 863 1803 924; x_wconf 86' lang='lat' dir='ltr'><strong>pro·</strong></span> 
     </span>
     <span class='ocr_line' id='line_1_6' title="bbox 182 943 1802 1042; baseline -0.004 -27"><span class='ocrx_word' id='word_1_49' title='bbox 182 953 299 1038; x_wconf 83' lang='lat' dir='ltr'><strong>gressi.</strong></span> <span class='ocrx_word' id='word_1_50' title='bbox 362 950 477 1028; x_wconf 83' lang='lat' dir='ltr'><strong>llaque</strong></span> <span class='ocrx_word' id='word_1_51' title='bbox 498 948 675 1042; x_wconf 59' lang='lat' dir='ltr'><strong>septeoafii</strong></span> <span class='ocrx_word' id='word_1_52' title='bbox 697 947 853 1028; x_wconf 90' lang='lat' dir='ltr'><strong>temporis</strong></span> <span class='ocrx_word' id='word_1_53' title='bbox 875 945 1037 1008; x_wconf 83' lang='lat' dir='ltr'><strong>sauctitas</strong></span> <span class='ocrx_word' id='word_1_54' title='bbox 1058 943 1173 1005; x_wconf 72' lang='lat' dir='ltr'><strong>eadem</strong></span> <span class='ocrx_word' id='word_1_55' title='bbox 1203 947 1303 1007; x_wconf 90' lang='lat' dir='ltr'><strong>etiam</strong></span> <span class='ocrx_word' id='word_1_56' title='bbox 1331 947 1498 1007; x_wconf 80' lang='lat' dir='ltr'><strong>interna</strong></span> <span class='ocrx_word' id='word_1_57' title='bbox 1524 947 1711 1010; x_wconf 70' lang='lat' dir='ltr'><strong>conficetur</strong></span> <span class='ocrx_word' id='word_1_58' title='bbox 1738 964 1802 1009; x_wconf 77' lang='lat' dir='ltr'><strong>re-</strong></span> 
     </span>
     <span class='ocr_line' id='line_1_7' title="bbox 181 1046 1801 1135; baseline -0.005 -18"><span class='ocrx_word' id='word_1_59' title='bbox 181 1060 280 1135; x_wconf 91' lang='lat' dir='ltr'><strong>tione,</strong></span> <span class='ocrx_word' id='word_1_60' title='bbox 300 1051 462 1134; x_wconf 90' lang='lat' dir='ltr'><strong>siquidem</strong></span> <span class='ocrx_word' id='word_1_61' title='bbox 483 1047 525 1111; x_wconf 84' lang='lat' dir='ltr'><strong>ad</strong></span> <span class='ocrx_word' id='word_1_62' title='bbox 546 1050 848 1130; x_wconf 73' lang='lat' dir='ltr'><strong>agriculturam</strong></span> <span class='ocrx_word' id='word_1_63' title='bbox 870 1050 1023 1127; x_wconf 90' lang='lat' dir='ltr'><strong>utrinque</strong></span> <span class='ocrx_word' id='word_1_64' title='bbox 1044 1049 1188 1126; x_wconf 79' lang='lat' dir='ltr'><strong>pertinet</strong></span> <span class='ocrx_word' id='word_1_65' title='bbox 1209 1047 1556 1131; x_wconf 72' lang='lat' dir='ltr'><strong>consecrandam,</strong></span> <span class='ocrx_word' id='word_1_66' title='bbox 1598 1046 1685 1110; x_wconf 89' lang='lat' dir='ltr'><strong>unde</strong></span> <span class='ocrx_word' id='word_1_67' title='bbox 1706 1047 1801 1110; x_wconf 82' lang='lat' dir='ltr'><strong>deri-</strong></span> 
     </span>
     <span class='ocr_line' id='line_1_8' title="bbox 182 1148 1802 1233; baseline -0.004 -14"><span class='ocrx_word' id='word_1_68' title='bbox 182 1156 330 1221; x_wconf 87' lang='lat' dir='ltr'><strong>vandum</strong></span> <span class='ocrx_word' id='word_1_69' title='bbox 345 1156 443 1216; x_wconf 91' lang='lat' dir='ltr'><strong>etiam</strong></span> <span class='ocrx_word' id='word_1_70' title='bbox 465 1150 596 1214; x_wconf 91' lang='lat' dir='ltr'><strong>videtur</strong></span> <span class='ocrx_word' id='word_1_71' title='bbox 616 1150 702 1231; x_wconf 88' lang='lat' dir='ltr'><strong>quod</strong></span> <span class='ocrx_word' id='word_1_72' title='bbox 723 1152 756 1211; x_wconf 92' lang='lat' dir='ltr'><strong>in</strong></span> <span class='ocrx_word' id='word_1_73' title='bbox 778 1148 843 1211; x_wconf 88' lang='lat' dir='ltr'><strong>line</strong></span> <span class='ocrx_word' id='word_1_74' title='bbox 865 1149 953 1212; x_wconf 65' lang='lat' dir='ltr'><strong>abb</strong></span> <span class='ocrx_word' id='word_1_75' title='bbox 972 1148 1154 1229; x_wconf 89' lang='lat' dir='ltr'><strong>injunctum</strong></span> <span class='ocrx_word' id='word_1_76' title='bbox 1164 1159 1218 1211; x_wconf 89' lang='lat' dir='ltr'><strong>est</strong></span> <span class='ocrx_word' id='word_1_77' title='bbox 1239 1150 1354 1211; x_wconf 86' lang='lat' dir='ltr'><strong>circa</strong></span> <span class='ocrx_word' id='word_1_78' title='bbox 1374 1167 1554 1213; x_wconf 84' lang='lat' dir='ltr'><strong>messem</strong></span> <span class='ocrx_word' id='word_1_79' title='bbox 1576 1158 1680 1233; x_wconf 76' lang='lat' dir='ltr'><strong>erga</strong></span> <span class='ocrx_word' id='word_1_80' title='bbox 1699 1169 1802 1231; x_wconf 89' lang='lat' dir='ltr'><strong>pau·</strong></span> 
     </span>
     <span class='ocr_line' id='line_1_9' title="bbox 182 1250 1800 1343; baseline -0.005 -20"><span class='ocrx_word' id='word_1_81' title='bbox 182 1277 304 1343; x_wconf 88' lang='lat' dir='ltr'><strong>peres</strong></span> <span class='ocrx_word' id='word_1_82' title='bbox 327 1256 533 1329; x_wconf 76' lang='lat' dir='ltr'><strong>officium,</strong></span> <span class='ocrx_word' id='word_1_83' title='bbox 567 1252 653 1334; x_wconf 89' lang='lat' dir='ltr'><strong>quod</strong></span> <span class='ocrx_word' id='word_1_84' title='bbox 682 1271 702 1314; x_wconf 85' lang='lat' dir='ltr'><strong>a</strong></span> <span class='ocrx_word' id='word_1_85' title='bbox 731 1252 889 1314; x_wconf 86' lang='lat' dir='ltr'><strong>festorum</strong></span> <span class='ocrx_word' id='word_1_86' title='bbox 918 1250 1049 1333; x_wconf 88' lang='lat' dir='ltr'><strong>quidem</strong></span> <span class='ocrx_word' id='word_1_87' title='bbox 1077 1251 1189 1313; x_wconf 89' lang='lat' dir='ltr'><strong>ordine</strong></span> <span class='ocrx_word' id='word_1_88' title='bbox 1219 1252 1473 1330; x_wconf 86' lang='lat' dir='ltr'><strong>alienissimum,</strong></span> <span class='ocrx_word' id='word_1_89' title='bbox 1506 1253 1547 1314; x_wconf 86' lang='lat' dir='ltr'><strong>ad</strong></span> <span class='ocrx_word' id='word_1_90' title='bbox 1574 1254 1622 1314; x_wconf 90' lang='lat' dir='ltr'><strong>rei</strong></span> <span class='ocrx_word' id='word_1_91' title='bbox 1643 1255 1800 1336; x_wconf 81' lang='lat' dir='ltr'><strong>agrariae</strong></span> 
     </span>
     <span class='ocr_line' id='line_1_10' title="bbox 181 1353 1800 1442; baseline -0.003 -16"><span class='ocrx_word' id='word_1_92' title='bbox 181 1374 271 1426; x_wconf 90' lang='lat' dir='ltr'><strong>certe</strong></span> <span class='ocrx_word' id='word_1_93' title='bbox 292 1361 480 1442; x_wconf 85' lang='lat' dir='ltr'><strong>religionem</strong></span> <span class='ocrx_word' id='word_1_94' title='bbox 499 1358 663 1437; x_wconf 89' lang='lat' dir='ltr'><strong>pertinere</strong></span> <span class='ocrx_word' id='word_1_95' title='bbox 684 1355 885 1438; x_wconf 80' lang='lat' dir='ltr'><strong>intelligitur.</strong></span> <span class='ocrx_word' id='word_1_96' title='bbox 928 1353 1075 1433; x_wconf 90' lang='lat' dir='ltr'><strong>Utroque</strong></span> <span class='ocrx_word' id='word_1_97' title='bbox 1097 1356 1182 1417; x_wconf 89' lang='lat' dir='ltr'><strong>euim</strong></span> <span class='ocrx_word' id='word_1_98' title='bbox 1204 1355 1357 1415; x_wconf 91' lang='lat' dir='ltr'><strong>instituto</strong></span> <span class='ocrx_word' id='word_1_99' title='bbox 1378 1353 1529 1416; x_wconf 86' lang='lat' dir='ltr'><strong>sacrandi</strong></span> <span class='ocrx_word' id='word_1_100' title='bbox 1549 1357 1620 1437; x_wconf 89' lang='lat' dir='ltr'><strong>agri</strong></span> <span class='ocrx_word' id='word_1_101' title='bbox 1642 1357 1800 1421; x_wconf 60' lang='lat' dir='ltr'><strong>continue</strong></span> 
     </span>
     <span class='ocr_line' id='line_1_11' title="bbox 181 1454 1801 1543; baseline -0.005 -15"><span class='ocrx_word' id='word_1_102' title='bbox 181 1480 234 1529; x_wconf 89' lang='lat' dir='ltr'><strong>tur</strong></span> <span class='ocrx_word' id='word_1_103' title='bbox 256 1467 350 1543; x_wconf 89' lang='lat' dir='ltr'><strong>ritus,</strong></span> <span class='ocrx_word' id='word_1_104' title='bbox 370 1478 435 1541; x_wconf 91' lang='lat' dir='ltr'><strong>quo</strong></span> <span class='ocrx_word' id='word_1_105' title='bbox 457 1461 575 1540; x_wconf 90' lang='lat' dir='ltr'><strong>quippe</strong></span> <span class='ocrx_word' id='word_1_106' title='bbox 598 1468 712 1518; x_wconf 84' lang='lat' dir='ltr'><strong>terra</strong></span> <span class='ocrx_word' id='word_1_107' title='bbox 734 1468 882 1519; x_wconf 84' lang='lat' dir='ltr'><strong>saoota</strong></span> <span class='ocrx_word' id='word_1_108' title='bbox 905 1456 943 1534; x_wconf 90' lang='lat' dir='ltr'><strong>(i.</strong></span> <span class='ocrx_word' id='word_1_109' title='bbox 966 1475 994 1518; x_wconf 89' lang='lat' dir='ltr'><strong>e.</strong></span> <span class='ocrx_word' id='word_1_110' title='bbox 1018 1454 1079 1516; x_wconf 89' lang='lat' dir='ltr'><strong>Dei</strong></span> <span class='ocrx_word' id='word_1_111' title='bbox 1101 1456 1249 1537; x_wconf 87' lang='lat' dir='ltr'><strong>propria)</strong></span> <span class='ocrx_word' id='word_1_112' title='bbox 1270 1458 1365 1534; x_wconf 87' lang='lat' dir='ltr'><strong>quusi</strong></span> <span class='ocrx_word' id='word_1_113' title='bbox 1386 1457 1508 1519; x_wconf 89' lang='lat' dir='ltr'><strong>cultum</strong></span> <span class='ocrx_word' id='word_1_114' title='bbox 1525 1468 1561 1519; x_wconf 92' lang='lat' dir='ltr'><strong>et</strong></span> <span class='ocrx_word' id='word_1_115' title='bbox 1580 1457 1801 1520; x_wconf 75' lang='lat' dir='ltr'><strong>ministeriun</strong></span> 
     </span>
     <span class='ocr_line' id='line_1_12' title="bbox 167 1556 1800 1646; baseline -0.007 -13"><span class='ocrx_word' id='word_1_116' title='bbox 167 1588 287 1646; x_wconf 84' lang='lat' dir='ltr'><strong>suum,</strong></span> <span class='ocrx_word' id='word_1_117' title='bbox 308 1566 340 1627; x_wconf 90' lang='lat' dir='ltr'><strong>h.</strong></span> <span class='ocrx_word' id='word_1_118' title='bbox 363 1583 392 1624; x_wconf 90' lang='lat' dir='ltr'><strong>e.</strong></span> <span class='ocrx_word' id='word_1_119' title='bbox 415 1563 604 1624; x_wconf 84' lang='lat' dir='ltr'><strong>sanctitatis</strong></span> <span class='ocrx_word' id='word_1_120' title='bbox 626 1576 708 1620; x_wconf 86' lang='lat' dir='ltr'><strong>suae</strong></span> <span class='ocrx_word' id='word_1_121' title='bbox 731 1559 786 1619; x_wconf 92' lang='lat' dir='ltr'><strong>vel</strong></span> <span class='ocrx_word' id='word_1_122' title='bbox 806 1559 957 1639; x_wconf 89' lang='lat' dir='ltr'><strong>mancipii</strong></span> <span class='ocrx_word' id='word_1_123' title='bbox 980 1568 1014 1620; x_wconf 89' lang='lat' dir='ltr'><strong>et</strong></span> <span class='ocrx_word' id='word_1_124' title='bbox 1036 1557 1142 1620; x_wconf 80' lang='lat' dir='ltr'><strong>nexus</strong></span> <span class='ocrx_word' id='word_1_125' title='bbox 1163 1556 1301 1639; x_wconf 87' lang='lat' dir='ltr'><strong>quoDei</strong></span> <span class='ocrx_word' id='word_1_126' title='bbox 1322 1561 1451 1639; x_wconf 79' lang='lat' dir='ltr'><strong>propria</strong></span> <span class='ocrx_word' id='word_1_127' title='bbox 1472 1568 1528 1620; x_wconf 84' lang='lat' dir='ltr'><strong>est</strong></span> <span class='ocrx_word' id='word_1_128' title='bbox 1548 1558 1678 1622; x_wconf 85' lang='lat' dir='ltr'><strong>domino</strong></span> <span class='ocrx_word' id='word_1_129' title='bbox 1696 1577 1800 1641; x_wconf 81' lang='lat' dir='ltr'><strong>prae-</strong></span> 
     </span>
     <span class='ocr_line' id='line_1_13' title="bbox 180 1659 1799 1746; baseline -0.007 -11"><span class='ocrx_word' id='word_1_130' title='bbox 180 1684 249 1734; x_wconf 91' lang='lat' dir='ltr'><strong>stet</strong></span> <span class='ocrx_word' id='word_1_131' title='bbox 266 1668 390 1746; x_wconf 75' lang='lat' dir='ltr'><strong>officia,</strong></span> <span class='ocrx_word' id='word_1_132' title='bbox 412 1674 447 1725; x_wconf 91' lang='lat' dir='ltr'><strong>et</strong></span> <span class='ocrx_word' id='word_1_133' title='bbox 469 1673 656 1741; x_wconf 88' lang='lat' dir='ltr'><strong>tempore</strong></span> <span class='ocrx_word' id='word_1_134' title='bbox 678 1659 984 1741; x_wconf 87' lang='lat' dir='ltr'><strong>quidemsancto,</strong></span> <span class='ocrx_word' id='word_1_135' title='bbox 1006 1660 1193 1740; x_wconf 82' lang='lat' dir='ltr'><strong>septenaria</strong></span> <span class='ocrx_word' id='word_1_136' title='bbox 1202 1662 1329 1721; x_wconf 86' lang='lat' dir='ltr'><strong>ratione</strong></span> <span class='ocrx_word' id='word_1_137' title='bbox 1340 1659 1509 1740; x_wconf 86' lang='lat' dir='ltr'><strong>disposito.</strong></span> <span class='ocrx_word' id='word_1_138' title='bbox 1542 1662 1799 1729; x_wconf 86' lang='lat' dir='ltr'><strong>Primumsab-</strong></span> 
     </span>
     <span class='ocr_line' id='line_1_14' title="bbox 178 1761 1798 1848; baseline -0.006 -11"><span class='ocrx_word' id='word_1_139' title='bbox 178 1775 313 1837; x_wconf 85' lang='lat' dir='ltr'><strong>batlro</strong></span> <span class='ocrx_word' id='word_1_140' title='bbox 335 1766 473 1846; x_wconf 87' lang='lat' dir='ltr'><strong>simplici</strong></span> <span class='ocrx_word' id='word_1_141' title='bbox 495 1766 517 1826; x_wconf 91' lang='lat' dir='ltr'><strong>i.</strong></span> <span class='ocrx_word' id='word_1_142' title='bbox 539 1783 569 1825; x_wconf 89' lang='lat' dir='ltr'><strong>e.</strong></span> <span class='ocrx_word' id='word_1_143' title='bbox 591 1765 720 1843; x_wconf 86' lang='lat' dir='ltr'><strong>septimi</strong></span> <span class='ocrx_word' id='word_1_144' title='bbox 742 1761 827 1823; x_wconf 86' lang='lat' dir='ltr'><strong>diei</strong></span> <span class='ocrx_word' id='word_1_145' title='bbox 848 1764 1026 1825; x_wconf 84' lang='lat' dir='ltr'><strong>sanctitate</strong></span> <span class='ocrx_word' id='word_1_146' title='bbox 1046 1761 1100 1839; x_wconf 76' lang='lat'><strong>23,</strong></span> <span class='ocrx_word' id='word_1_147' title='bbox 1121 1761 1161 1843; x_wconf 77' lang='lat'><strong>33</strong></span> <span class='ocrx_word' id='word_1_148' title='bbox 1189 1771 1252 1843; x_wconf 79' lang='lat' dir='ltr'><strong>qua</strong></span> <span class='ocrx_word' id='word_1_149' title='bbox 1274 1763 1475 1844; x_wconf 85' lang='lat' dir='ltr'><strong>agricultura</strong></span> <span class='ocrx_word' id='word_1_150' title='bbox 1495 1764 1569 1845; x_wconf 86' lang='lat' dir='ltr'><strong>ipsa</strong></span> <span class='ocrx_word' id='word_1_151' title='bbox 1589 1783 1617 1827; x_wconf 91' lang='lat' dir='ltr'><strong>s.</strong></span> <span class='ocrx_word' id='word_1_152' title='bbox 1639 1768 1712 1848; x_wconf 86' lang='lat' dir='ltr'><strong>agri</strong></span> <span class='ocrx_word' id='word_1_153' title='bbox 1731 1783 1798 1827; x_wconf 91' lang='lat' dir='ltr'><strong>co-</strong></span> 
     </span>
     <span class='ocr_line' id='line_1_15' title="bbox 179 1864 1797 1952; baseline -0.006 -13"><span class='ocrx_word' id='word_1_154' title='bbox 179 1875 264 1939; x_wconf 87' lang='lat' dir='ltr'><strong>lendi</strong></span> <span class='ocrx_word' id='word_1_155' title='bbox 286 1889 370 1952; x_wconf 92' lang='lat' dir='ltr'><strong>opus</strong></span> <span class='ocrx_word' id='word_1_156' title='bbox 388 1876 601 1930; x_wconf 87' lang='lat' dir='ltr'><strong>consecratur</strong></span> <span class='ocrx_word' id='word_1_157' title='bbox 630 1867 775 1946; x_wconf 91' lang='lat' dir='ltr'><strong>operis</strong></span> <span class='ocrx_word' id='word_1_158' title='bbox 801 1866 1131 1927; x_wconf 81' lang='lat' dir='ltr'><strong>intermissione</strong></span> <span class='ocrx_word' id='word_1_159' title='bbox 1162 1866 1301 1944; x_wconf 90' lang='lat' dir='ltr'><strong>septimo</strong></span> <span class='ocrx_word' id='word_1_160' title='bbox 1331 1882 1460 1945; x_wconf 92' lang='lat' dir='ltr'><strong>quoque</strong></span> <span class='ocrx_word' id='word_1_161' title='bbox 1489 1864 1542 1927; x_wconf 87' lang='lat' dir='ltr'><strong>die</strong></span> <span class='ocrx_word' id='word_1_162' title='bbox 1570 1867 1722 1930; x_wconf 82' lang='lat' dir='ltr'><strong>instituta</strong></span> <span class='ocrx_word' id='word_1_163' title='bbox 1733 1867 1797 1948; x_wconf 64' lang='grc' dir='ltr'><strong>Ιθ).</strong></span> 
     </span>
     <span class='ocr_line' id='line_1_16' title="bbox 89 1965 1798 2050; baseline -0.006 -7"><span class='ocrx_word' id='word_1_164' title='bbox 89 1996 95 2012; x_wconf 91' lang='lat'><strong>·</strong></span> <span class='ocrx_word' id='word_1_165' title='bbox 179 1982 321 2042; x_wconf 84' lang='lat' dir='ltr'><strong>Caetera</strong></span> <span class='ocrx_word' id='word_1_166' title='bbox 342 1977 374 2034; x_wconf 92' lang='lat' dir='ltr'><strong>in</strong></span> <span class='ocrx_word' id='word_1_167' title='bbox 398 1978 687 2050; x_wconf 71' lang='lat' dir='ltr'><strong>proventuum</strong></span> <span class='ocrx_word' id='word_1_168' title='bbox 718 1968 857 2028; x_wconf 79' lang='lat' dir='ltr'><strong>m&#39;esse</strong></span> <span class='ocrx_word' id='word_1_169' title='bbox 885 1975 921 2027; x_wconf 91' lang='lat' dir='ltr'><strong>et</strong></span> <span class='ocrx_word' id='word_1_170' title='bbox 950 1984 1025 2028; x_wconf 92' lang='lat' dir='ltr'><strong>usu</strong></span> <span class='ocrx_word' id='word_1_171' title='bbox 1055 1977 1234 2028; x_wconf 89' lang='lat' dir='ltr'><strong>versantur</strong></span> <span class='ocrx_word' id='word_1_172' title='bbox 1259 1965 1511 2049; x_wconf 72' lang='lat' dir='ltr'><strong>consecrandis,</strong></span> <span class='ocrx_word' id='word_1_173' title='bbox 1542 1967 1631 2050; x_wconf 83' lang='lat' dir='ltr'><strong>quod</strong></span> <span class='ocrx_word' id='word_1_174' title='bbox 1657 1969 1697 2032; x_wconf 84' lang='lat' dir='ltr'><strong>fit</strong></span> <span class='ocrx_word' id='word_1_175' title='bbox 1722 1980 1798 2032; x_wconf 84' lang='lat' dir='ltr'><strong>tum</strong></span> 
     </span>
     <span class='ocr_line' id='line_1_17' title="bbox 179 2065 1796 2163; baseline -0.006 -19"><span class='ocrx_word' id='word_1_176' title='bbox 179 2085 286 2163; x_wconf 91' lang='lat' dir='ltr'><strong>quiete</strong></span> <span class='ocrx_word' id='word_1_177' title='bbox 308 2086 343 2137; x_wconf 90' lang='lat' dir='ltr'><strong>et</strong></span> <span class='ocrx_word' id='word_1_178' title='bbox 364 2072 607 2134; x_wconf 86' lang='lat' dir='ltr'><strong>intermissione</strong></span> <span class='ocrx_word' id='word_1_179' title='bbox 641 2070 817 2150; x_wconf 82' lang='lat' dir='ltr'><strong>(negative</strong></span> <span class='ocrx_word' id='word_1_180' title='bbox 839 2087 867 2130; x_wconf 90' lang='lat' dir='ltr'><strong>s.</strong></span> <span class='ocrx_word' id='word_1_181' title='bbox 888 2065 1124 2149; x_wconf 81' lang='lat' dir='ltr'><strong>abstinendo),</strong></span> <span class='ocrx_word' id='word_1_182' title='bbox 1152 2078 1222 2130; x_wconf 91' lang='lat' dir='ltr'><strong>tum</strong></span> <span class='ocrx_word' id='word_1_183' title='bbox 1254 2069 1472 2132; x_wconf 77' lang='lat' dir='ltr'><strong>oblationibus</strong></span> <span class='ocrx_word' id='word_1_184' title='bbox 1499 2080 1535 2132; x_wconf 89' lang='lat' dir='ltr'><strong>et</strong></span> <span class='ocrx_word' id='word_1_185' title='bbox 1562 2070 1655 2133; x_wconf 88' lang='lat' dir='ltr'><strong>donis</strong></span> <span class='ocrx_word' id='word_1_186' title='bbox 1676 2072 1796 2154; x_wconf 84' lang='lat' dir='ltr'><strong>(prae-</strong></span> 
     </span>
     <span class='ocr_line' id='line_1_18' title="bbox 179 2169 1794 2262; baseline -0.006 -14"><span class='ocrx_word' id='word_1_187' title='bbox 179 2182 324 2262; x_wconf 86' lang='lat' dir='ltr'><strong>stando).</strong></span> <span class='ocrx_word' id='word_1_188' title='bbox 389 2175 434 2237; x_wconf 81' lang='lat' dir='ltr'><strong>l&#39;lt</strong></span> <span class='ocrx_word' id='word_1_189' title='bbox 465 2175 618 2235; x_wconf 91' lang='lat' dir='ltr'><strong>messis</strong></span> <span class='ocrx_word' id='word_1_190' title='bbox 650 2171 780 2252; x_wconf 86' lang='lat' dir='ltr'><strong>quidem</strong></span> <span class='ocrx_word' id='word_1_191' title='bbox 811 2172 1016 2233; x_wconf 88' lang='lat' dir='ltr'><strong>consecratio</strong></span> <span class='ocrx_word' id='word_1_192' title='bbox 1049 2169 1274 2252; x_wconf 61' lang='lat' dir='ltr'><strong>est-duplas,</strong></span> <span class='ocrx_word' id='word_1_193' title='bbox 1306 2170 1426 2252; x_wconf 88' lang='lat' dir='ltr'><strong>duplici</strong></span> <span class='ocrx_word' id='word_1_194' title='bbox 1453 2171 1672 2237; x_wconf 87' lang='lat' dir='ltr'><strong>oblatione</strong></span> <span class='ocrx_word' id='word_1_195' title='bbox 1710 2195 1794 2256; x_wconf 89' lang='lat' dir='ltr'><strong>per-</strong></span> 
     </span>
     <span class='ocr_line' id='line_1_19' title="bbox 180 2272 1796 2371; baseline -0.007 -20"><span class='ocrx_word' id='word_1_196' title='bbox 180 2284 322 2371; x_wconf 88' lang='lat' dir='ltr'><strong>agenda:</strong></span> <span class='ocrx_word' id='word_1_197' title='bbox 355 2279 395 2358; x_wconf 84' lang='lat' dir='ltr'><strong>a)</strong></span> <span class='ocrx_word' id='word_1_198' title='bbox 416 2273 592 2358; x_wconf 85' lang='lat' dir='ltr'><strong>„postridie</strong></span> <span class='ocrx_word' id='word_1_199' title='bbox 614 2272 782 2336; x_wconf 82' lang='lat' dir='ltr'><strong>sabbathi“</strong></span> <span class='ocrx_word' id='word_1_200' title='bbox 804 2273 877 2333; x_wconf 87' lang='lat' dir='ltr'><strong>scil.</strong></span> <span class='ocrx_word' id='word_1_201' title='bbox 897 2289 1039 2334; x_wconf 90' lang='lat' dir='ltr'><strong>messem</strong></span> <span class='ocrx_word' id='word_1_202' title='bbox 1061 2273 1303 2354; x_wconf 86' lang='lat' dir='ltr'><strong>antecedentis,</strong></span> <span class='ocrx_word' id='word_1_203' title='bbox 1335 2275 1356 2336; x_wconf 84' lang='lat' dir='ltr'><strong>i.</strong></span> <span class='ocrx_word' id='word_1_204' title='bbox 1377 2294 1405 2336; x_wconf 89' lang='lat' dir='ltr'><strong>e.</strong></span> <span class='ocrx_word' id='word_1_205' title='bbox 1427 2275 1546 2337; x_wconf 86' lang='lat' dir='ltr'><strong>messis</strong></span> <span class='ocrx_word' id='word_1_206' title='bbox 1566 2276 1707 2356; x_wconf 90' lang='lat' dir='ltr'><strong>initio,</strong></span> <span class='ocrx_word' id='word_1_207' title='bbox 1734 2278 1796 2340; x_wconf 81' lang='lat' dir='ltr'><strong>of-</strong></span> 
     </span>
     <span class='ocr_line' id='line_1_20' title="bbox 177 2373 1824 2465; baseline -0.007 -13"><span class='ocrx_word' id='word_1_208' title='bbox 177 2386 311 2453; x_wconf 87' lang='lat' dir='ltr'><strong>ferendo</strong></span> <span class='ocrx_word' id='word_1_209' title='bbox 333 2380 543 2465; x_wconf 87' lang='lat' dir='ltr'><strong>primitiarum</strong></span> <span class='ocrx_word' id='word_1_210' title='bbox 564 2376 744 2458; x_wconf 86' lang='lat' dir='ltr'><strong>manipulo;</strong></span> <span class='ocrx_word' id='word_1_211' title='bbox 767 2375 806 2455; x_wconf 83' lang='lat' dir='ltr'><strong>b)</strong></span> <span class='ocrx_word' id='word_1_212' title='bbox 828 2373 1008 2455; x_wconf 87' lang='lat' dir='ltr'><strong>„postridie</strong></span> <span class='ocrx_word' id='word_1_213' title='bbox 1029 2377 1160 2454; x_wconf 88' lang='lat' dir='ltr'><strong>septimi</strong></span> <span class='ocrx_word' id='word_1_214' title='bbox 1187 2377 1227 2437; x_wconf 92' lang='lat' dir='ltr'><strong>ab</strong></span> <span class='ocrx_word' id='word_1_215' title='bbox 1257 2376 1312 2437; x_wconf 92' lang='lat' dir='ltr'><strong>illo</strong></span> <span class='ocrx_word' id='word_1_216' title='bbox 1334 2375 1525 2458; x_wconf 85' lang='lat' dir='ltr'><strong>sabbathi“,</strong></span> <span class='ocrx_word' id='word_1_217' title='bbox 1559 2377 1591 2438; x_wconf 85' lang='lat' dir='ltr'><strong>h.</strong></span> <span class='ocrx_word' id='word_1_218' title='bbox 1613 2395 1642 2438; x_wconf 89' lang='lat' dir='ltr'><strong>e.</strong></span> <span class='ocrx_word' id='word_1_219' title='bbox 1666 2379 1794 2460; x_wconf 87' lang='lat' dir='ltr'><strong>elapsis</strong></span> <span class='ocrx_word' id='word_1_220' title='bbox 1817 2433 1824 2440; x_wconf 83' lang='grc'>.</span> 
     </span>
     <span class='ocr_line' id='line_1_21' title="bbox 177 2477 1793 2574; baseline -0.008 -17"><span class='ocrx_word' id='word_1_221' title='bbox 177 2501 305 2574; x_wconf 89' lang='lat' dir='ltr'><strong>septem</strong></span> <span class='ocrx_word' id='word_1_222' title='bbox 334 2482 505 2548; x_wconf 76' lang='lat' dir='ltr'><strong>sabbathis</strong></span> <span class='ocrx_word' id='word_1_223' title='bbox 532 2489 567 2542; x_wconf 90' lang='lat' dir='ltr'><strong>et</strong></span> <span class='ocrx_word' id='word_1_224' title='bbox 588 2479 797 2559; x_wconf 86' lang='lat' dir='ltr'><strong>septimanis,</strong></span> <span class='ocrx_word' id='word_1_225' title='bbox 824 2477 1175 2558; x_wconf 84' lang='lat' dir='ltr'><strong>quinquagesimo</strong></span> <span class='ocrx_word' id='word_1_226' title='bbox 1204 2478 1246 2539; x_wconf 91' lang='lat' dir='ltr'><strong>ab</strong></span> <span class='ocrx_word' id='word_1_227' title='bbox 1274 2479 1328 2539; x_wconf 94' lang='lat' dir='ltr'><strong>illo</strong></span> <span class='ocrx_word' id='word_1_228' title='bbox 1356 2477 1427 2559; x_wconf 85' lang='lat' dir='ltr'><strong>(lie,</strong></span> <span class='ocrx_word' id='word_1_229' title='bbox 1465 2496 1530 2559; x_wconf 90' lang='lat' dir='ltr'><strong>quo</strong></span> <span class='ocrx_word' id='word_1_230' title='bbox 1559 2479 1628 2542; x_wconf 91' lang='lat' dir='ltr'><strong>scil.</strong></span> <span class='ocrx_word' id='word_1_231' title='bbox 1657 2479 1793 2544; x_wconf 86' lang='lat' dir='ltr'><strong>finita</strong></span> 
     </span>
     <span class='ocr_line' id='line_1_22' title="bbox 177 2578 1790 2673; baseline -0.008 -14"><span class='ocrx_word' id='word_1_232' title='bbox 177 2597 296 2658; x_wconf 89' lang='lat' dir='ltr'><strong>messis</strong></span> <span class='ocrx_word' id='word_1_233' title='bbox 315 2586 459 2673; x_wconf 87' lang='lat' dir='ltr'><strong>putanda</strong></span> <span class='ocrx_word' id='word_1_234' title='bbox 480 2593 544 2663; x_wconf 89' lang='lat' dir='ltr'><strong>est,</strong></span> <span class='ocrx_word' id='word_1_235' title='bbox 565 2578 743 2643; x_wconf 81' lang='lat' dir='ltr'><strong>offerendis</strong></span> <span class='ocrx_word' id='word_1_236' title='bbox 765 2578 891 2640; x_wconf 86' lang='lat' dir='ltr'><strong>duobus</strong></span> <span class='ocrx_word' id='word_1_237' title='bbox 912 2579 1126 2658; x_wconf 90' lang='lat' dir='ltr'><strong>primitiarum</strong></span> <span class='ocrx_word' id='word_1_238' title='bbox 1143 2580 1282 2660; x_wconf 87' lang='lat' dir='ltr'><strong>panibus</strong></span> <span class='ocrx_word' id='word_1_239' title='bbox 1304 2598 1347 2642; x_wconf 88' lang='lat' dir='ltr'><strong>ex</strong></span> <span class='ocrx_word' id='word_1_240' title='bbox 1375 2591 1510 2643; x_wconf 90' lang='lat' dir='ltr'><strong>recente</strong></span> <span class='ocrx_word' id='word_1_241' title='bbox 1539 2579 1645 2645; x_wconf 80' lang='lat' dir='ltr'><strong>farine</strong></span> <span class='ocrx_word' id='word_1_242' title='bbox 1672 2586 1790 2647; x_wconf 86' lang='lat' dir='ltr'><strong>coctis.</strong></span> 
     </span>
     <span class='ocr_line' id='line_1_23' title="bbox 176 2681 1793 2762; baseline -0.007 -2"><span class='ocrx_word' id='word_1_243' title='bbox 176 2736 217 2745; x_wconf 91' lang='lat'>—</span> <span class='ocrx_word' id='word_1_244' title='bbox 241 2699 348 2761; x_wconf 91' lang='lat' dir='ltr'><strong>Usus</strong></span> <span class='ocrx_word' id='word_1_245' title='bbox 370 2698 479 2753; x_wconf 87' lang='lat' dir='ltr'><strong>autem</strong></span> <span class='ocrx_word' id='word_1_246' title='bbox 502 2696 537 2747; x_wconf 90' lang='lat' dir='ltr'><strong>et</strong></span> <span class='ocrx_word' id='word_1_247' title='bbox 559 2684 725 2746; x_wconf 84' lang='lat' dir='ltr'><strong>fructus</strong></span> <span class='ocrx_word' id='word_1_248' title='bbox 760 2681 829 2762; x_wconf 87' lang='lat' dir='ltr'><strong>agri</strong></span> <span class='ocrx_word' id='word_1_249' title='bbox 861 2698 881 2741; x_wconf 88' lang='lat' dir='ltr'><strong>a</strong></span> <span class='ocrx_word' id='word_1_250' title='bbox 913 2681 983 2744; x_wconf 90' lang='lat' dir='ltr'><strong>Deo</strong></span> <span class='ocrx_word' id='word_1_251' title='bbox 1016 2692 1124 2743; x_wconf 85' lang='lat' dir='ltr'><strong>terrae</strong></span> <span class='ocrx_word' id='word_1_252' title='bbox 1158 2681 1285 2744; x_wconf 87' lang='lat' dir='ltr'><strong>domino</strong></span> <span class='ocrx_word' id='word_1_253' title='bbox 1318 2700 1506 2746; x_wconf 90' lang='lat' dir='ltr'><strong>concessus·</strong></span> <span class='ocrx_word' id='word_1_254' title='bbox 1532 2693 1679 2747; x_wconf 84' lang='lat' dir='ltr'><strong>sacratur</strong></span> <span class='ocrx_word' id='word_1_255' title='bbox 1711 2686 1793 2751; x_wconf 89' lang='lat' dir='ltr'><strong>bu-</strong></span> 
     </span>
     <span class='ocr_line' id='line_1_24' title="bbox 175 2783 1792 2883; baseline -0.007 -20"><span class='ocrx_word' id='word_1_256' title='bbox 175 2805 242 2883; x_wconf 89' lang='lat' dir='ltr'><strong>jus</strong></span> <span class='ocrx_word' id='word_1_257' title='bbox 276 2789 614 2866; x_wconf 88' lang='lat' dir='ltr'><strong>intermissione,</strong></span> <span class='ocrx_word' id='word_1_258' title='bbox 647 2802 732 2867; x_wconf 87' lang='lat' dir='ltr'><strong>quae</strong></span> <span class='ocrx_word' id='word_1_259' title='bbox 764 2790 821 2844; x_wconf 83' lang='lat' dir='ltr'><strong>eut</strong></span> <span class='ocrx_word' id='word_1_260' title='bbox 856 2784 928 2866; x_wconf 88' lang='lat' dir='ltr'><strong>agri</strong></span> <span class='ocrx_word' id='word_1_261' title='bbox 961 2785 1072 2864; x_wconf 90' lang='lat' dir='ltr'><strong>quiete</strong></span> <span class='ocrx_word' id='word_1_262' title='bbox 1102 2783 1174 2845; x_wconf 87' lang='lat' dir='ltr'><strong>lieri</strong></span> <span class='ocrx_word' id='word_1_263' title='bbox 1206 2795 1335 2864; x_wconf 88' lang='lat' dir='ltr'><strong>potest,</strong></span> <span class='ocrx_word' id='word_1_264' title='bbox 1367 2795 1426 2847; x_wconf 85' lang='lat' dir='ltr'><strong>aut</strong></span> <span class='ocrx_word' id='word_1_265' title='bbox 1457 2803 1568 2848; x_wconf 87' lang='lat' dir='ltr'><strong>messe</strong></span> <span class='ocrx_word' id='word_1_266' title='bbox 1590 2789 1792 2868; x_wconf 79' lang='lat' dir='ltr'><strong>pauperibus</strong></span> 
     </span>
     <span class='ocr_line' id='line_1_25' title="bbox 176 2884 1792 2976; baseline -0.007 -10"><span class='ocrx_word' id='word_1_267' title='bbox 176 2915 210 2965; x_wconf 90' lang='lat' dir='ltr'><strong>et</strong></span> <span class='ocrx_word' id='word_1_268' title='bbox 248 2900 364 2964; x_wconf 90' lang='lat' dir='ltr'><strong>bestiis</strong></span> <span class='ocrx_word' id='word_1_269' title='bbox 396 2888 695 2976; x_wconf 86' lang='lat' dir='ltr'><strong>permittenda¹¹),</strong></span> <span class='ocrx_word' id='word_1_270' title='bbox 736 2884 791 2946; x_wconf 89' lang='lat' dir='ltr'><strong>ubi</strong></span> <span class='ocrx_word' id='word_1_271' title='bbox 823 2894 954 2966; x_wconf 87' lang='lat' dir='ltr'><strong>tempus</strong></span> <span class='ocrx_word' id='word_1_272' title='bbox 990 2897 1139 2949; x_wconf 87' lang='lat' dir='ltr'><strong>sanctum</strong></span> <span class='ocrx_word' id='word_1_273' title='bbox 1173 2886 1341 2968; x_wconf 85' lang='lat' dir='ltr'><strong>inciderit3</strong></span> <span class='ocrx_word' id='word_1_274' title='bbox 1379 2886 1467 2969; x_wconf 91' lang='lat' dir='ltr'><strong>quod</strong></span> <span class='ocrx_word' id='word_1_275' title='bbox 1503 2887 1680 2969; x_wconf 86' lang='lat' dir='ltr'><strong>majoribus</strong></span> <span class='ocrx_word' id='word_1_276' title='bbox 1712 2895 1792 2973; x_wconf 89' lang='lat' dir='ltr'><strong>qui-</strong></span> 
     </span>
     <span class='ocr_line' id='line_1_26' title="bbox 176 2987 1792 3079; baseline -0.007 -12"><span class='ocrx_word' id='word_1_277' title='bbox 176 3008 250 3068; x_wconf 81' lang='lat' dir='ltr'><strong>‹lem</strong></span> <span class='ocrx_word' id='word_1_278' title='bbox 273 2999 427 3079; x_wconf 90' lang='lat' dir='ltr'><strong>temporis</strong></span> <span class='ocrx_word' id='word_1_279' title='bbox 448 2992 630 3055; x_wconf 89' lang='lat' dir='ltr'><strong>intervallis</strong></span> <span class='ocrx_word' id='word_1_280' title='bbox 659 2987 865 3067; x_wconf 89' lang='lat' dir='ltr'><strong>distinctum,</strong></span> <span class='ocrx_word' id='word_1_281' title='bbox 896 2987 964 3048; x_wconf 90' lang='lat' dir='ltr'><strong>scil.</strong></span> <span class='ocrx_word' id='word_1_282' title='bbox 994 3007 1189 3050; x_wconf 84' lang='lat' dir='ltr'><strong>annorum</strong></span> <span class='ocrx_word' id='word_1_283' title='bbox 1212 2989 1392 3051; x_wconf 82' lang='lat' dir='ltr'><strong>sabbathis.</strong></span> <span class='ocrx_word' id='word_1_284' title='bbox 1435 2988 1528 3067; x_wconf 81' lang='lat' dir='ltr'><strong>Quae</strong></span> <span class='ocrx_word' id='word_1_285' title='bbox 1549 2992 1627 3053; x_wconf 89' lang='lat' dir='ltr'><strong>item</strong></span> <span class='ocrx_word' id='word_1_286' title='bbox 1649 2991 1792 3073; x_wconf 74' lang='lat' dir='ltr'><strong>duplext</strong></span> 
     </span>
     <span class='ocr_line' id='line_1_27' title="bbox 176 3090 1793 3189; baseline -0.004 -24"><span class='ocrx_word' id='word_1_287' title='bbox 176 3110 214 3189; x_wconf 83' lang='lat' dir='ltr'><strong>a)</strong></span> <span class='ocrx_word' id='word_1_288' title='bbox 238 3102 421 3182; x_wconf 89' lang='lat' dir='ltr'><strong>septimo</strong></span> <span class='ocrx_word' id='word_1_289' title='bbox 442 3092 570 3177; x_wconf 82' lang='lat' dir='ltr'><strong>quoq&#39;ue</strong></span> <span class='ocrx_word' id='word_1_290' title='bbox 593 3108 716 3170; x_wconf 81' lang='lat' dir='ltr'><strong>atino,</strong></span> <span class='ocrx_word' id='word_1_291' title='bbox 737 3092 792 3170; x_wconf 92' lang='lat' dir='ltr'><strong>qui</strong></span> <span class='ocrx_word' id='word_1_292' title='bbox 815 3090 1095 3153; x_wconf 87' lang='lat' dir='ltr'><strong>sabbathicus</strong></span> <span class='ocrx_word' id='word_1_293' title='bbox 1117 3091 1250 3173; x_wconf 81' lang='lat' dir='ltr'><strong>dicitur3</strong></span> <span class='ocrx_word' id='word_1_294' title='bbox 1273 3091 1314 3172; x_wconf 87' lang='lat' dir='ltr'><strong>b)</strong></span> <span class='ocrx_word' id='word_1_295' title='bbox 1336 3091 1456 3169; x_wconf 90' lang='lat' dir='ltr'><strong>elapsis</strong></span> <span class='ocrx_word' id='word_1_296' title='bbox 1479 3103 1607 3175; x_wconf 89' lang='lat' dir='ltr'><strong>septem</strong></span> <span class='ocrx_word' id='word_1_297' title='bbox 1630 3093 1793 3176; x_wconf 81' lang='lat' dir='ltr'><strong>ejusmodi</strong></span> 
     </span>
     <span class='ocr_line' id='line_1_28' title="bbox 172 3190 1824 3287; baseline -0.006 -16"><span class='ocrx_word' id='word_1_298' title='bbox 172 3207 268 3272; x_wconf 88' lang='lat' dir='ltr'><strong>anuis</strong></span> <span class='ocrx_word' id='word_1_299' title='bbox 290 3200 487 3287; x_wconf 82' lang='lat' dir='ltr'><strong>sabbathicis</strong></span> <span class='ocrx_word' id='word_1_300' title='bbox 507 3215 536 3259; x_wconf 86' lang='lat' dir='ltr'><strong>s.</strong></span> <span class='ocrx_word' id='word_1_301' title='bbox 558 3210 715 3256; x_wconf 88' lang='lat' dir='ltr'><strong>annorum</strong></span> <span class='ocrx_word' id='word_1_302' title='bbox 736 3190 1008 3272; x_wconf 88' lang='lat' dir='ltr'><strong>hebdomadibus,</strong></span> <span class='ocrx_word' id='word_1_303' title='bbox 1030 3194 1376 3276; x_wconf 84' lang='lat' dir='ltr'><strong>quinquagesimo</strong></span> <span class='ocrx_word' id='word_1_304' title='bbox 1397 3212 1499 3274; x_wconf 89' lang='lat' dir='ltr'><strong>anno,</strong></span> <span class='ocrx_word' id='word_1_305' title='bbox 1528 3196 1583 3276; x_wconf 91' lang='lat' dir='ltr'><strong>qui</strong></span> <span class='ocrx_word' id='word_1_306' title='bbox 1599 3195 1789 3278; x_wconf 88' lang='lat' dir='ltr'><strong>jobileus</strong></span> <span class='ocrx_word' id='word_1_307' title='bbox 1822 3218 1824 3223; x_wconf 91' lang='lat'>·</span> 
     </span>
    </p>
   </div>
   <div class='ocr_carea' id='block_1_3' title="bbox 173 3313 300 3377">
    <p class='ocr_par' dir='ltr' id='par_1_3' title="bbox 173 3313 300 3377">
     <span class='ocr_line' id='line_1_29' title="bbox 173 3313 300 3377; baseline -0.071 0"><span class='ocrx_word' id='word_1_308' title='bbox 173 3313 300 3377; x_wconf 89' lang='lat' dir='ltr'><strong>dicitur.</strong></span> 
     </span>
    </p>
   </div>
   <div class='ocr_carea' id='block_1_4' title="bbox 171 3464 1787 3864">
    <p class='ocr_par' dir='ltr' id='par_1_4' title="bbox 171 3464 1787 3864">
     <span class='ocr_line' id='line_1_30' title="bbox 254 3464 1787 3557; baseline -0.005 -18"><span class='ocrx_word' id='word_1_309' title='bbox 254 3474 347 3557; x_wconf 81' lang='lat' dir='ltr'><strong>Quae</strong></span> <span class='ocrx_word' id='word_1_310' title='bbox 368 3472 517 3534; x_wconf 89' lang='lat' dir='ltr'><strong>instituta</strong></span> <span class='ocrx_word' id='word_1_311' title='bbox 538 3466 685 3547; x_wconf 91' lang='lat' dir='ltr'><strong>quoniam</strong></span> <span class='ocrx_word' id='word_1_312' title='bbox 706 3467 739 3526; x_wconf 92' lang='lat' dir='ltr'><strong>in</strong></span> <span class='ocrx_word' id='word_1_313' title='bbox 762 3473 871 3526; x_wconf 88' lang='lat' dir='ltr'><strong>terrae</strong></span> <span class='ocrx_word' id='word_1_314' title='bbox 893 3483 1007 3527; x_wconf 86' lang='lat' dir='ltr'><strong>sacrae</strong></span> <span class='ocrx_word' id='word_1_315' title='bbox 1029 3464 1205 3526; x_wconf 74' lang='lat' dir='ltr'><strong>sanctitate</strong></span> <span class='ocrx_word' id='word_1_316' title='bbox 1238 3482 1387 3547; x_wconf 88' lang='lat' dir='ltr'><strong>agrorum</strong></span> <span class='ocrx_word' id='word_1_317' title='bbox 1408 3476 1442 3528; x_wconf 91' lang='lat' dir='ltr'><strong>et</strong></span> <span class='ocrx_word' id='word_1_318' title='bbox 1463 3477 1680 3547; x_wconf 90' lang='lat' dir='ltr'><strong>proventuum</strong></span> <span class='ocrx_word' id='word_1_319' title='bbox 1703 3488 1787 3534; x_wconf 87' lang='lat' dir='ltr'><strong>oon-</strong></span> 
     </span>
     <span class='ocr_line' id='line_1_31' title="bbox 173 3565 1786 3655; baseline -0.006 -9"><span class='ocrx_word' id='word_1_320' title='bbox 173 3581 355 3646; x_wconf 87' lang='lat' dir='ltr'><strong>secratione</strong></span> <span class='ocrx_word' id='word_1_321' title='bbox 377 3573 463 3655; x_wconf 87' lang='lat' dir='ltr'><strong>aptis</strong></span> <span class='ocrx_word' id='word_1_322' title='bbox 486 3569 639 3651; x_wconf 88' lang='lat' dir='ltr'><strong>temporis</strong></span> <span class='ocrx_word' id='word_1_323' title='bbox 663 3568 843 3630; x_wconf 90' lang='lat' dir='ltr'><strong>intervallis</strong></span> <span class='ocrx_word' id='word_1_324' title='bbox 873 3576 908 3628; x_wconf 90' lang='lat' dir='ltr'><strong>et</strong></span> <span class='ocrx_word' id='word_1_325' title='bbox 930 3567 1045 3628; x_wconf 92' lang='lat' dir='ltr'><strong>ritibus</strong></span> <span class='ocrx_word' id='word_1_326' title='bbox 1068 3565 1291 3646; x_wconf 86' lang='lat' dir='ltr'><strong>significanda,</strong></span> <span class='ocrx_word' id='word_1_327' title='bbox 1312 3578 1382 3630; x_wconf 90' lang='lat' dir='ltr'><strong>tum</strong></span> <span class='ocrx_word' id='word_1_328' title='bbox 1405 3566 1564 3631; x_wconf 90' lang='lat' dir='ltr'><strong>dierum</strong></span> <span class='ocrx_word' id='word_1_329' title='bbox 1586 3580 1621 3632; x_wconf 90' lang='lat' dir='ltr'><strong>et</strong></span> <span class='ocrx_word' id='word_1_330' title='bbox 1642 3575 1786 3653; x_wconf 89' lang='lat' dir='ltr'><strong>septi-</strong></span> 
     </span>
     <span class='ocr_line' id='line_1_32' title="bbox 171 3667 1785 3756; baseline -0.006 -9"><span class='ocrx_word' id='word_1_331' title='bbox 171 3699 374 3746; x_wconf 91' lang='lat' dir='ltr'><strong>manarum</strong></span> <span class='ocrx_word' id='word_1_332' title='bbox 401 3687 470 3739; x_wconf 92' lang='lat' dir='ltr'><strong>tum</strong></span> <span class='ocrx_word' id='word_1_333' title='bbox 503 3680 697 3750; x_wconf 77' lang='lat' dir='ltr'><strong>uolnerum</strong></span> <span class='ocrx_word' id='word_1_334' title='bbox 721 3670 927 3731; x_wconf 88' lang='lat' dir='ltr'><strong>continentur</strong></span> <span class='ocrx_word' id='word_1_335' title='bbox 956 3667 1129 3749; x_wconf 88' lang='lat' dir='ltr'><strong>religione:</strong></span> <span class='ocrx_word' id='word_1_336' title='bbox 1150 3669 1202 3732; x_wconf 89' lang='lat' dir='ltr'><strong>bis</strong></span> <span class='ocrx_word' id='word_1_337' title='bbox 1230 3667 1299 3749; x_wconf 89' lang='lat' dir='ltr'><strong>jam</strong></span> <span class='ocrx_word' id='word_1_338' title='bbox 1320 3671 1385 3732; x_wconf 88' lang='lat' dir='ltr'><strong>alia</strong></span> <span class='ocrx_word' id='word_1_339' title='bbox 1406 3669 1569 3734; x_wconf 87' lang='lat' dir='ltr'><strong>accedunt</strong></span> <span class='ocrx_word' id='word_1_340' title='bbox 1589 3673 1653 3737; x_wconf 90' lang='lat' dir='ltr'><strong>boc</strong></span> <span class='ocrx_word' id='word_1_341' title='bbox 1673 3677 1785 3756; x_wconf 89' lang='lat' dir='ltr'><strong>capite</strong></span> 
     </span>
     <span class='ocr_line' id='line_1_33' title="bbox 172 3770 1787 3864; baseline -0.004 -16"><span class='ocrx_word' id='word_1_342' title='bbox 172 3785 213 3848; x_wconf 90' lang='lat' dir='ltr'><strong>ad</strong></span> <span class='ocrx_word' id='word_1_343' title='bbox 252 3784 380 3864; x_wconf 90' lang='lat' dir='ltr'><strong>septimi</strong></span> <span class='ocrx_word' id='word_1_344' title='bbox 420 3777 576 3840; x_wconf 85' lang='lat' dir='ltr'><strong>mensis</strong></span> <span class='ocrx_word' id='word_1_345' title='bbox 608 3771 797 3855; x_wconf 86' lang='lat' dir='ltr'><strong>religionem</strong></span> <span class='ocrx_word' id='word_1_346' title='bbox 833 3771 1048 3850; x_wconf 88' lang='lat' dir='ltr'><strong>pertinentia,</strong></span> <span class='ocrx_word' id='word_1_347' title='bbox 1091 3770 1314 3852; x_wconf 84' lang='lat' dir='ltr'><strong>qui&#39;medium</strong></span> <span class='ocrx_word' id='word_1_348' title='bbox 1348 3775 1433 3835; x_wconf 90' lang='lat' dir='ltr'><strong>inter</strong></span> <span class='ocrx_word' id='word_1_349' title='bbox 1469 3782 1641 3855; x_wconf 79' lang='lat' dir='ltr'><strong>utrumque</strong></span> <span class='ocrx_word' id='word_1_350' title='bbox 1676 3777 1787 3841; x_wconf 86' lang='lat' dir='ltr'><strong>locum</strong></span> 
     </span>
    </p>
   </div>
   <div class='ocr_carea' id='block_1_5' title="bbox 171 3898 318 3964">
    <p class='ocr_par' dir='ltr' id='par_1_5' title="bbox 171 3898 318 3964">
     <span class='ocr_line' id='line_1_34' title="bbox 171 3898 318 3964; baseline -0.034 -13"><span class='ocrx_word' id='word_1_351' title='bbox 171 3898 318 3964; x_wconf 85' lang='lat' dir='ltr'><strong>occupat.</strong></span> 
     </span>
    </p>
   </div>
   <div class='ocr_carea' id='block_1_6' title="bbox 172 4054 579 4077">
    <p class='ocr_par' dir='ltr' id='par_1_6' title="bbox 172 4054 579 4077">
     <span class='ocr_line' id='line_1_35' title="bbox 172 4054 579 4077; baseline -0.012 -9"><span class='ocrx_word' id='word_1_352' title='bbox 172 4054 579 4077; x_wconf 86' lang='lat'><strong>..---—-——-——---·</strong></span> 
     </span>
    </p>
   </div>
   <div class='ocr_carea' id='block_1_7' title="bbox 171 4147 1784 4325">
    <p class='ocr_par' dir='ltr' id='par_1_7' title="bbox 171 4147 1784 4325">
     <span class='ocr_line' id='line_1_36' title="bbox 243 4147 1784 4234; baseline -0.001 -13"><span class='ocrx_word' id='word_1_353' title='bbox 243 4147 286 4234; x_wconf 82' lang='lat' dir='ltr'><strong>lb)</strong></span> <span class='ocrx_word' id='word_1_354' title='bbox 306 4170 363 4218; x_wconf 86' lang='lat' dir='ltr'><strong>lloo</strong></span> <span class='ocrx_word' id='word_1_355' title='bbox 380 4168 451 4216; x_wconf 87' lang='lat' dir='ltr'><strong>enim</strong></span> <span class='ocrx_word' id='word_1_356' title='bbox 468 4165 504 4216; x_wconf 79' lang='lat' dir='ltr'><strong>ad</strong></span> <span class='ocrx_word' id='word_1_357' title='bbox 520 4165 600 4229; x_wconf 83' lang='lat' dir='ltr'><strong>agri</strong></span> <span class='ocrx_word' id='word_1_358' title='bbox 617 4163 723 4213; x_wconf 81' lang='lat' dir='ltr'><strong>colendi</strong></span> <span class='ocrx_word' id='word_1_359' title='bbox 742 4164 909 4225; x_wconf 85' lang='lat' dir='ltr'><strong>potissimum</strong></span> <span class='ocrx_word' id='word_1_360' title='bbox 926 4165 1047 4214; x_wconf 89' lang='lat' dir='ltr'><strong>laborem</strong></span> <span class='ocrx_word' id='word_1_361' title='bbox 1071 4163 1197 4225; x_wconf 88' lang='lat' dir='ltr'><strong>primitus</strong></span> <span class='ocrx_word' id='word_1_362' title='bbox 1214 4165 1362 4228; x_wconf 85' lang='lat' dir='ltr'><strong>pertinere,</strong></span> <span class='ocrx_word' id='word_1_363' title='bbox 1382 4181 1414 4216; x_wconf 85' lang='lat' dir='ltr'><strong>ex</strong></span> <span class='ocrx_word' id='word_1_364' title='bbox 1438 4168 1628 4231; x_wconf 84' lang='lat' dir='ltr'><strong>antiquissima</strong></span> <span class='ocrx_word' id='word_1_365' title='bbox 1653 4173 1784 4223; x_wconf 72' lang='lat' dir='ltr'><strong>labbatlri</strong></span> 
     </span>
     <span class='ocr_line' id='line_1_37' title="bbox 171 4250 678 4325; baseline -0.028 -11"><span class='ocrx_word' id='word_1_366' title='bbox 171 4265 233 4325; x_wconf 85' lang='lat' dir='ltr'><strong>lege</strong></span> <span class='ocrx_word' id='word_1_367' title='bbox 250 4259 299 4307; x_wconf 85' lang='lat' dir='ltr'><strong>Ex.</strong></span> <span class='ocrx_word' id='word_1_368' title='bbox 317 4254 361 4317; x_wconf 79' lang='lat'><strong>23,</strong></span> <span class='ocrx_word' id='word_1_369' title='bbox 382 4253 414 4302; x_wconf 76' lang='lat'><strong>¹2</strong></span> <span class='ocrx_word' id='word_1_370' title='bbox 431 4251 605 4301; x_wconf 80' lang='lat' dir='ltr'><strong>manifestum</strong></span> <span class='ocrx_word' id='word_1_371' title='bbox 626 4250 678 4300; x_wconf 87' lang='lat' dir='ltr'><strong>est.</strong></span> 
     </span>
    </p>
   </div>
   <div class='ocr_carea' id='block_1_8' title="bbox 172 4343 1778 4527">
    <p class='ocr_par' dir='ltr' id='par_1_8' title="bbox 172 4343 1778 4527">
     <span class='ocr_line' id='line_1_38' title="bbox 234 4343 1778 4445; baseline 0.001 -18"><span class='ocrx_word' id='word_1_372' title='bbox 234 4374 279 4441; x_wconf 78' lang='lat' dir='ltr'><strong>tl)</strong></span> <span class='ocrx_word' id='word_1_373' title='bbox 299 4375 334 4422; x_wconf 81' lang='lat' dir='ltr'><strong>ut</strong></span> <span class='ocrx_word' id='word_1_374' title='bbox 351 4374 420 4420; x_wconf 85' lang='lat' dir='ltr'><strong>lianc</strong></span> <span class='ocrx_word' id='word_1_375' title='bbox 437 4368 544 4431; x_wconf 78' lang='lat' dir='ltr'><strong>quibem</strong></span> <span class='ocrx_word' id='word_1_376' title='bbox 561 4379 641 4432; x_wconf 86' lang='lat' dir='ltr'><strong>quam</strong></span> <span class='ocrx_word' id='word_1_377' title='bbox 659 4343 779 4417; x_wconf 81' lang='lat' dir='ltr'><strong>secundo</strong></span> <span class='ocrx_word' id='word_1_378' title='bbox 795 4369 858 4416; x_wconf 90' lang='lat' dir='ltr'><strong>loco</strong></span> <span class='ocrx_word' id='word_1_379' title='bbox 882 4366 962 4428; x_wconf 86' lang='lat' dir='ltr'><strong>posui</strong></span> <span class='ocrx_word' id='word_1_380' title='bbox 989 4368 1114 4431; x_wconf 87' lang='lat' dir='ltr'><strong>primitus</strong></span> <span class='ocrx_word' id='word_1_381' title='bbox 1140 4383 1204 4419; x_wconf 86' lang='lat' dir='ltr'><strong>esse</strong></span> <span class='ocrx_word' id='word_1_382' title='bbox 1230 4363 1339 4424; x_wconf 72' lang='lat' dir='ltr'><strong>vim&#39;et</strong></span> <span class='ocrx_word' id='word_1_383' title='bbox 1361 4374 1494 4424; x_wconf 87' lang='lat' dir='ltr'><strong>rationem</strong></span> <span class='ocrx_word' id='word_1_384' title='bbox 1524 4378 1589 4425; x_wconf 85' lang='lat' dir='ltr'><strong>anni</strong></span> <span class='ocrx_word' id='word_1_385' title='bbox 1616 4380 1778 4445; x_wconf 84' lang='lat' dir='ltr'><strong>sabbatbioi,</strong></span> 
     </span>
     <span class='ocr_line' id='line_1_39' title="bbox 172 4447 1778 4527; baseline 0 -12"><span class='ocrx_word' id='word_1_386' title='bbox 172 4465 299 4525; x_wconf 81' lang='lat' dir='ltr'><strong>uelucepr</strong></span> <span class='ocrx_word' id='word_1_387' title='bbox 318 4471 352 4508; x_wconf 87' lang='lat' dir='ltr'><strong>ex</strong></span> <span class='ocrx_word' id='word_1_388' title='bbox 368 4459 433 4520; x_wconf 78' lang='lat' dir='ltr'><strong>lege</strong></span> <span class='ocrx_word' id='word_1_389' title='bbox 449 4456 500 4505; x_wconf 83' lang='lat' dir='ltr'><strong>Ex.</strong></span> <span class='ocrx_word' id='word_1_390' title='bbox 518 4452 564 4516; x_wconf 67' lang='grc' dir='ltr'><strong>π,</strong></span> <span class='ocrx_word' id='word_1_391' title='bbox 583 4456 617 4503; x_wconf 87' lang='lat' dir='ltr'><strong>tu</strong></span> <span class='ocrx_word' id='word_1_392' title='bbox 634 4467 711 4518; x_wconf 85' lang='lat' dir='ltr'><strong>seqq.</strong></span> <span class='ocrx_word' id='word_1_393' title='bbox 729 4452 879 4513; x_wconf 72' lang='lat' dir='ltr'><strong>docebitur,</strong></span> <span class='ocrx_word' id='word_1_394' title='bbox 913 4448 1000 4514; x_wconf 83' lang='lat' dir='ltr'><strong>Cujus</strong></span> <span class='ocrx_word' id='word_1_395' title='bbox 1017 4457 1130 4517; x_wconf 81' lang='lat' dir='ltr'><strong>generis</strong></span> <span class='ocrx_word' id='word_1_396' title='bbox 1148 4454 1230 4507; x_wconf 86' lang='lat' dir='ltr'><strong>etlam</strong></span> <span class='ocrx_word' id='word_1_397' title='bbox 1248 4461 1377 4523; x_wconf 77' lang='lat' dir='ltr'><strong>estquod</strong></span> <span class='ocrx_word' id='word_1_398' title='bbox 1395 4473 1423 4512; x_wconf 80' lang='lat' dir='ltr'><strong>v.</strong></span> <span class='ocrx_word' id='word_1_399' title='bbox 1440 4461 1475 4511; x_wconf 76' lang='lat'><strong>22</strong></span> <span class='ocrx_word' id='word_1_400' title='bbox 1491 4464 1649 4513; x_wconf 82' lang='lat' dir='ltr'><strong>liabeturde</strong></span> <span class='ocrx_word' id='word_1_401' title='bbox 1662 4447 1778 4527; x_wconf 79' lang='lat' dir='ltr'><strong>spicile-¹</strong></span> 
     </span>
    </p>
   </div>
   <div class='ocr_carea' id='block_1_9' title="bbox 69 4539 1786 4707">
    <p class='ocr_par' dir='ltr' id='par_1_9' title="bbox 69 4539 1786 4707">
     <span class='ocr_line' id='line_1_40' title="bbox 69 4539 1786 4707; baseline -0.015 -107"><span class='ocrx_word' id='word_1_402' title='bbox 69 4543 397 4707; x_wconf 49' lang='lat' dir='ltr'><strong>Quibus</strong></span> <span class='ocrx_word' id='word_1_403' title='bbox 414 4539 603 4604; x_wconf 85' lang='lat' dir='ltr'><strong>relinquendo.</strong></span> <span class='ocrx_word' id='word_1_404' title='bbox 1675 4578 1678 4583; x_wconf 82' lang='grc'><em>,</em></span> <span class='ocrx_word' id='word_1_405' title='bbox 1783 4574 1786 4581; x_wconf 82' lang='grc'><em>,</em></span> 
     </span>
    </p>
   </div>
   <div class='ocr_carea' id='block_1_10' title="bbox 0 0 1952 5274">
    <p class='ocr_par' dir='ltr' id='par_1_10' title="bbox 0 0 1952 5274">
     <span class='ocr_line' id='line_1_41' title="bbox 0 0 1952 5274; baseline 0 6"><span class='ocrx_word' id='word_1_406' title='bbox 0 0 1952 5274; x_wconf 95' lang='lat' dir='ltr'><strong> </strong></span> 
     </span>
    </p>
   </div>
  </div>
 </body>
</html>
