<?xml version="1.0" encoding="UTF-8"?>
<!DOCTYPE html PUBLIC "-//W3C//DTD XHTML 1.0 Transitional//EN"
    "http://www.w3.org/TR/xhtml1/DTD/xhtml1-transitional.dtd">
<html xmlns="http://www.w3.org/1999/xhtml" xml:lang="en" lang="en">
 <head>
  <title>
</title>
<meta http-equiv="Content-Type" content="text/html;charset=utf-8" />
  <meta name='ocr-system' content='tesseract 3.04.00' />
  <meta name='ocr-capabilities' content='ocr_page ocr_carea ocr_par ocr_line ocrx_word'/>
</head>
<body>
  <div class='ocr_page' id='page_1' title='image "./sacrachristipas00hupfgoog_0029.png"; bbox 0 0 3894 5274; ppageno 0'>
   <div class='ocr_carea' id='block_1_1' title="bbox 204 528 1843 1301">
    <p class='ocr_par' dir='ltr' id='par_1_1' title="bbox 204 528 1843 1301">
     <span class='ocr_line' id='line_1_1' title="bbox 206 528 1839 614; baseline 0 -19"><span class='ocrx_word' id='word_1_1' title='bbox 206 528 380 609; x_wconf 72' lang='lat' dir='ltr'><strong>traduntur</strong></span> <span class='ocrx_word' id='word_1_2' title='bbox 401 528 511 593; x_wconf 81' lang='lat' dir='ltr'><strong>fides</strong></span> <span class='ocrx_word' id='word_1_3' title='bbox 533 539 568 594; x_wconf 87' lang='lat' dir='ltr'><strong>at</strong></span> <span class='ocrx_word' id='word_1_4' title='bbox 590 529 837 609; x_wconf 76' lang='lat' dir='ltr'><strong>auctoritas.</strong></span> <span class='ocrx_word' id='word_1_5' title='bbox 881 528 956 601; x_wconf 78' lang='lat' dir='ltr'><strong>Hac.</strong></span> <span class='ocrx_word' id='word_1_6' title='bbox 973 540 1087 599; x_wconf 89' lang='lat' dir='ltr'><strong>autom</strong></span> <span class='ocrx_word' id='word_1_7' title='bbox 1099 531 1264 614; x_wconf 85' lang='lat' dir='ltr'><strong>collapsa,</strong></span> <span class='ocrx_word' id='word_1_8' title='bbox 1285 550 1427 596; x_wconf 84' lang='lat' dir='ltr'><strong>necessa</strong></span> <span class='ocrx_word' id='word_1_9' title='bbox 1448 541 1504 595; x_wconf 89' lang='lat' dir='ltr'><strong>est</strong></span> <span class='ocrx_word' id='word_1_10' title='bbox 1524 532 1720 609; x_wconf 69' lang='lat' dir='ltr'><strong>uniuersam</strong></span> <span class='ocrx_word' id='word_1_11' title='bbox 1732 531 1839 609; x_wconf 73' lang='lat' dir='ltr'><strong>iatam</strong></span> 
     </span>
     <span class='ocr_line' id='line_1_2' title="bbox 206 612 1843 708; baseline -0.001 -25"><span class='ocrx_word' id='word_1_12' title='bbox 206 614 452 684; x_wconf 79' lang='lat' dir='ltr'><strong>historicam</strong></span> <span class='ocrx_word' id='word_1_13' title='bbox 468 616 1051 697; x_wconf 77' lang='lat' dir='ltr'><strong>velmnemonioamrationem</strong></span> <span class='ocrx_word' id='word_1_14' title='bbox 1074 619 1279 697; x_wconf 74' lang='lat' dir='ltr'><strong>incertam</strong></span> <span class='ocrx_word' id='word_1_15' title='bbox 1295 616 1465 682; x_wconf 88' lang='lat' dir='ltr'><strong>reddiao</strong></span> <span class='ocrx_word' id='word_1_16' title='bbox 1479 612 1734 708; x_wconf 47' lang='grc' dir='ltr'><strong>ἣτε-0011111139,</strong></span> <span class='ocrx_word' id='word_1_17' title='bbox 1756 618 1843 699; x_wconf 75' lang='lat' dir='ltr'><strong>quia.</strong></span> 
     </span>
     <span class='ocr_line' id='line_1_3' title="bbox 207 698 1840 785; baseline 0.001 -20"><span class='ocrx_word' id='word_1_18' title='bbox 207 698 237 765; x_wconf 83' lang='lat' dir='ltr'><strong>si</strong></span> <span class='ocrx_word' id='word_1_19' title='bbox 256 702 312 765; x_wconf 90' lang='lat' dir='ltr'><strong>illa</strong></span> <span class='ocrx_word' id='word_1_20' title='bbox 332 700 457 781; x_wconf 75' lang='lat' dir='ltr'><strong>fallunt,</strong></span> <span class='ocrx_word' id='word_1_21' title='bbox 480 700 557 763; x_wconf 91' lang='lat' dir='ltr'><strong>nihil</strong></span> <span class='ocrx_word' id='word_1_22' title='bbox 579 705 661 764; x_wconf 91' lang='lat' dir='ltr'><strong>certi</strong></span> <span class='ocrx_word' id='word_1_23' title='bbox 675 712 806 782; x_wconf 90' lang='lat' dir='ltr'><strong>praesto</strong></span> <span class='ocrx_word' id='word_1_24' title='bbox 820 700 971 782; x_wconf 82' lang='lat' dir='ltr'><strong>estquod</strong></span> <span class='ocrx_word' id='word_1_25' title='bbox 988 704 1019 763; x_wconf 93' lang='lat' dir='ltr'><strong>in</strong></span> <span class='ocrx_word' id='word_1_26' title='bbox 1036 721 1147 764; x_wconf 87' lang='lat' dir='ltr'><strong>eorum</strong></span> <span class='ocrx_word' id='word_1_27' title='bbox 1162 703 1260 766; x_wconf 91' lang='lat' dir='ltr'><strong>liceat</strong></span> <span class='ocrx_word' id='word_1_28' title='bbox 1275 702 1384 768; x_wconf 85' lang='lat' dir='ltr'><strong>locum¹</strong></span> <span class='ocrx_word' id='word_1_29' title='bbox 1397 698 1608 767; x_wconf 79' lang='lat' dir='ltr'><strong>substituere.</strong></span> <span class='ocrx_word' id='word_1_30' title='bbox 1642 700 1735 785; x_wconf 76' lang='lat' dir='ltr'><strong>Quae</strong></span> <span class='ocrx_word' id='word_1_31' title='bbox 1757 700 1840 767; x_wconf 85' lang='lat' dir='ltr'><strong>cum&#39;</strong></span> 
     </span>
     <span class='ocr_line' id='line_1_4' title="bbox 205 778 1833 873; baseline 0.001 -22"><span class='ocrx_word' id='word_1_32' title='bbox 205 789 254 851; x_wconf 80' lang='lat' dir='ltr'><strong>ita</strong></span> <span class='ocrx_word' id='word_1_33' title='bbox 273 789 358 868; x_wconf 86' lang='lat' dir='ltr'><strong>sint,</strong></span> <span class='ocrx_word' id='word_1_34' title='bbox 386 788 464 849; x_wconf 90' lang='lat' dir='ltr'><strong>nihil</strong></span> <span class='ocrx_word' id='word_1_35' title='bbox 485 787 556 849; x_wconf 80' lang='lat' dir='ltr'><strong>fere</strong></span> <span class='ocrx_word' id='word_1_36' title='bbox 577 788 610 848; x_wconf 93' lang='lat' dir='ltr'><strong>in</strong></span> <span class='ocrx_word' id='word_1_37' title='bbox 631 789 742 871; x_wconf 83' lang='lat' dir='ltr'><strong>legum</strong></span> <span class='ocrx_word' id='word_1_38' title='bbox 762 788 901 849; x_wconf 89' lang='lat' dir='ltr'><strong>istarum</strong></span> <span class='ocrx_word' id='word_1_39' title='bbox 922 798 1117 869; x_wconf 86' lang='lat' dir='ltr'><strong>argumento</strong></span> <span class='ocrx_word' id='word_1_40' title='bbox 1138 788 1232 851; x_wconf 89' lang='lat' dir='ltr'><strong>nobis</strong></span> <span class='ocrx_word' id='word_1_41' title='bbox 1243 790 1436 873; x_wconf 89' lang='lat' dir='ltr'><strong>relinquitur</strong></span> <span class='ocrx_word' id='word_1_42' title='bbox 1454 782 1591 852; x_wconf 81' lang='lat' dir='ltr'><strong>eertum&#39;</strong></span> <span class='ocrx_word' id='word_1_43' title='bbox 1601 778 1833 853; x_wconf 69' lang='lat' dir='ltr'><strong>eb&#39;indubita·</strong></span> 
     </span>
     <span class='ocr_line' id='line_1_5' title="bbox 206 870 1831 957; baseline 0 -18"><span class='ocrx_word' id='word_1_44' title='bbox 206 883 277 939; x_wconf 83' lang='lat' dir='ltr'><strong>tum</strong></span> <span class='ocrx_word' id='word_1_45' title='bbox 296 882 428 954; x_wconf 85' lang='lat' dir='ltr'><strong>praeter</strong></span> <span class='ocrx_word' id='word_1_46' title='bbox 449 870 558 936; x_wconf 80' lang='lat' dir='ltr'><strong>ritis</strong></span> <span class='ocrx_word' id='word_1_47' title='bbox 580 875 706 954; x_wconf 85' lang='lat' dir='ltr'><strong>ipsos.</strong></span> <span class='ocrx_word' id='word_1_48' title='bbox 750 873 821 935; x_wconf 87' lang='lat' dir='ltr'><strong>llos</strong></span> <span class='ocrx_word' id='word_1_49' title='bbox 841 874 942 955; x_wconf 82' lang='lat' dir='ltr'><strong>igitur</strong></span> <span class='ocrx_word' id='word_1_50' title='bbox 962 875 1051 936; x_wconf 87' lang='lat' dir='ltr'><strong>solos</strong></span> <span class='ocrx_word' id='word_1_51' title='bbox 1073 874 1233 938; x_wconf 87' lang='lat' dir='ltr'><strong>habemus</strong></span> <span class='ocrx_word' id='word_1_52' title='bbox 1264 892 1346 957; x_wconf 85' lang='lat' dir='ltr'><strong>quos</strong></span> <span class='ocrx_word' id='word_1_53' title='bbox 1376 878 1408 938; x_wconf 94' lang='lat' dir='ltr'><strong>in</strong></span> <span class='ocrx_word' id='word_1_54' title='bbox 1436 874 1671 956; x_wconf 75' lang='lat' dir='ltr'><strong>investiganda</strong></span> <span class='ocrx_word' id='word_1_55' title='bbox 1697 874 1831 939; x_wconf 82' lang='lat' dir='ltr'><strong>illoro&#39;nr</strong></span> 
     </span>
     <span class='ocr_line' id='line_1_6' title="bbox 204 957 1833 1043; baseline -0.001 -20"><span class='ocrx_word' id='word_1_56' title='bbox 204 962 330 1031; x_wconf 75' lang='lat' dir='ltr'><strong>radere</strong></span> <span class='ocrx_word' id='word_1_57' title='bbox 351 977 527 1041; x_wconf 83' lang='lat' dir='ltr'><strong>sequamur</strong></span> <span class='ocrx_word' id='word_1_58' title='bbox 544 957 664 1023; x_wconf 79' lang='lat' dir='ltr'><strong>&#39;docear</strong></span> <span class='ocrx_word' id='word_1_59' title='bbox 687 976 730 1020; x_wconf 86' lang='lat' dir='ltr'><strong>ex</strong></span> <span class='ocrx_word' id='word_1_60' title='bbox 751 959 867 1022; x_wconf 87' lang='lat' dir='ltr'><strong>horum</strong></span> <span class='ocrx_word' id='word_1_61' title='bbox 888 959 959 1021; x_wconf 89' lang='lat' dir='ltr'><strong>scil.</strong></span> <span class='ocrx_word' id='word_1_62' title='bbox 981 968 1133 1022; x_wconf 88' lang='lat' dir='ltr'><strong>natura</strong></span> <span class='ocrx_word' id='word_1_63' title='bbox 1155 969 1191 1022; x_wconf 89' lang='lat' dir='ltr'><strong>et</strong></span> <span class='ocrx_word' id='word_1_64' title='bbox 1219 979 1297 1024; x_wconf 90' lang='lat' dir='ltr'><strong>usu</strong></span> <span class='ocrx_word' id='word_1_65' title='bbox 1324 963 1385 1023; x_wconf 85' lang='lat' dir='ltr'><strong>uel·</strong></span> <span class='ocrx_word' id='word_1_66' title='bbox 1398 961 1602 1043; x_wconf 79' lang='lat' dir='ltr'><strong>analogia</strong></span> <span class='ocrx_word' id='word_1_67' title='bbox 1630 970 1744 1023; x_wconf 85' lang='lat' dir='ltr'><strong>nostro</strong></span> <span class='ocrx_word' id='word_1_68' title='bbox 1760 962 1833 1043; x_wconf 84' lang='lat' dir='ltr'><strong>ip-</strong></span> 
     </span>
     <span class='ocr_line' id='line_1_7' title="bbox 206 1043 1832 1127; baseline 0.001 -18"><span class='ocrx_word' id='word_1_69' title='bbox 206 1064 315 1119; x_wconf 84' lang='lat' dir='ltr'><strong>sorum</strong></span> <span class='ocrx_word' id='word_1_70' title='bbox 332 1043 455 1126; x_wconf 89' lang='lat' dir='ltr'><strong>judicio</strong></span> <span class='ocrx_word' id='word_1_71' title='bbox 475 1063 595 1107; x_wconf 80' lang='lat' dir='ltr'><strong>causas</strong></span> <span class='ocrx_word' id='word_1_72' title='bbox 616 1046 760 1108; x_wconf 87' lang='lat' dir='ltr'><strong>instituti</strong></span> <span class='ocrx_word' id='word_1_73' title='bbox 780 1054 815 1108; x_wconf 88' lang='lat' dir='ltr'><strong>at</strong></span> <span class='ocrx_word' id='word_1_74' title='bbox 837 1046 980 1108; x_wconf 88' lang='lat' dir='ltr'><strong>rationes</strong></span> <span class='ocrx_word' id='word_1_75' title='bbox 1001 1046 1226 1110; x_wconf 74' lang='lat' dir='ltr'><strong>aestimantes.</strong></span> <span class='ocrx_word' id='word_1_76' title='bbox 1271 1050 1308 1111; x_wconf 90' lang='lat' dir='ltr'><strong>ln</strong></span> <span class='ocrx_word' id='word_1_77' title='bbox 1330 1050 1395 1111; x_wconf 87' lang='lat' dir='ltr'><strong>iata</strong></span> <span class='ocrx_word' id='word_1_78' title='bbox 1416 1058 1526 1115; x_wconf 84' lang='lat' dir='ltr'><strong>autern</strong></span> <span class='ocrx_word' id='word_1_79' title='bbox 1562 1048 1832 1127; x_wconf 84' lang='lat' dir='ltr'><strong>perscrutatione.</strong></span> 
     </span>
     <span class='ocr_line' id='line_1_8' title="bbox 204 1130 1831 1219; baseline 0.002 -26"><span class='ocrx_word' id='word_1_80' title='bbox 204 1133 343 1213; x_wconf 88' lang='lat' dir='ltr'><strong>primum</strong></span> <span class='ocrx_word' id='word_1_81' title='bbox 375 1130 656 1193; x_wconf 81' lang='lat' dir='ltr'><strong>Hebraeorum</strong></span> <span class='ocrx_word' id='word_1_82' title='bbox 689 1132 870 1211; x_wconf 89' lang='lat' dir='ltr'><strong>ipsorum</strong></span> <span class='ocrx_word' id='word_1_83' title='bbox 900 1149 1000 1194; x_wconf 88' lang='lat' dir='ltr'><strong>usus</strong></span> <span class='ocrx_word' id='word_1_84' title='bbox 1022 1130 1186 1215; x_wconf 88' lang='lat' dir='ltr'><strong>petendus</strong></span> <span class='ocrx_word' id='word_1_85' title='bbox 1207 1152 1285 1197; x_wconf 88' lang='lat' dir='ltr'><strong>esse</strong></span> <span class='ocrx_word' id='word_1_86' title='bbox 1306 1132 1385 1198; x_wconf 90' lang='lat' dir='ltr'><strong>mihi</strong></span> <span class='ocrx_word' id='word_1_87' title='bbox 1405 1132 1554 1219; x_wconf 87' lang='lat' dir='ltr'><strong>videtur,</strong></span> <span class='ocrx_word' id='word_1_88' title='bbox 1582 1141 1760 1216; x_wconf 88' lang='lat' dir='ltr'><strong>antequam</strong></span> <span class='ocrx_word' id='word_1_89' title='bbox 1787 1133 1831 1197; x_wconf 83' lang='lat' dir='ltr'><strong>ad</strong></span> 
     </span>
     <span class='ocr_line' id='line_1_9' title="bbox 204 1216 873 1301; baseline -0.006 -19"><span class='ocrx_word' id='word_1_90' title='bbox 204 1227 410 1282; x_wconf 85' lang='lat' dir='ltr'><strong>caeterorum</strong></span> <span class='ocrx_word' id='word_1_91' title='bbox 432 1216 660 1299; x_wconf 85' lang='lat' dir='ltr'><strong>confugiamus</strong></span> <span class='ocrx_word' id='word_1_92' title='bbox 681 1217 873 1301; x_wconf 79' lang='lat' dir='ltr'><strong>analogiam.</strong></span> 
     </span>
    </p>
   </div>
   <div class='ocr_carea' id='block_1_2' title="bbox 204 1335 1833 3738">
    <p class='ocr_par' dir='ltr' id='par_1_2' title="bbox 204 1335 1833 3738">
     <span class='ocr_line' id='line_1_10' title="bbox 224 1335 1831 1419; baseline -0.002 -18"><span class='ocrx_word' id='word_1_93' title='bbox 224 1396 227 1401; x_wconf 92' lang='lat'>.</span> <span class='ocrx_word' id='word_1_94' title='bbox 265 1336 333 1399; x_wconf 78' lang='lat' dir='ltr'><strong>&#39;Et</strong></span> <span class='ocrx_word' id='word_1_95' title='bbox 356 1336 492 1417; x_wconf 92' lang='lat' dir='ltr'><strong>primum</strong></span> <span class='ocrx_word' id='word_1_96' title='bbox 516 1335 646 1418; x_wconf 86' lang='lat' dir='ltr'><strong>quidem</strong></span> <span class='ocrx_word' id='word_1_97' title='bbox 669 1355 906 1419; x_wconf 79' lang='lat' dir='ltr'><strong>azymorum</strong></span> <span class='ocrx_word' id='word_1_98' title='bbox 935 1336 1035 1398; x_wconf 85' lang='lat' dir='ltr'><strong>ritum</strong></span> <span class='ocrx_word' id='word_1_99' title='bbox 1063 1356 1122 1418; x_wconf 88' lang='lat' dir='ltr'><strong>per</strong></span> <span class='ocrx_word' id='word_1_100' title='bbox 1154 1354 1193 1399; x_wconf 86' lang='lat' dir='ltr'><strong>aa</strong></span> <span class='ocrx_word' id='word_1_101' title='bbox 1221 1339 1330 1418; x_wconf 89' lang='lat' dir='ltr'><strong>ipsum</strong></span> <span class='ocrx_word' id='word_1_102' title='bbox 1359 1338 1388 1400; x_wconf 89' lang='lat' dir='ltr'><strong>si</strong></span> <span class='ocrx_word' id='word_1_103' title='bbox 1416 1336 1660 1400; x_wconf 81' lang='lat' dir='ltr'><strong>consideramus</strong></span> <span class='ocrx_word' id='word_1_104' title='bbox 1688 1346 1723 1400; x_wconf 91' lang='lat' dir='ltr'><strong>et</strong></span> <span class='ocrx_word' id='word_1_105' title='bbox 1751 1336 1831 1419; x_wconf 86' lang='lat' dir='ltr'><strong>quid</strong></span> 
     </span>
     <span class='ocr_line' id='line_1_11' title="bbox 205 1416 1829 1511; baseline -0.001 -24"><span class='ocrx_word' id='word_1_106' title='bbox 205 1423 268 1487; x_wconf 86' lang='lat' dir='ltr'><strong>sibi</strong></span> <span class='ocrx_word' id='word_1_107' title='bbox 288 1422 369 1485; x_wconf 74' lang='lat' dir='ltr'><strong>uelit</strong></span> <span class='ocrx_word' id='word_1_108' title='bbox 391 1424 587 1504; x_wconf 85' lang='lat' dir='ltr'><strong>quaerimus,</strong></span> <span class='ocrx_word' id='word_1_109' title='bbox 609 1424 721 1485; x_wconf 89' lang='lat' dir='ltr'><strong>statim</strong></span> <span class='ocrx_word' id='word_1_110' title='bbox 744 1423 886 1485; x_wconf 89' lang='lat' dir='ltr'><strong>occurrit</strong></span> <span class='ocrx_word' id='word_1_111' title='bbox 907 1440 990 1483; x_wconf 88' lang='lat' dir='ltr'><strong>usus</strong></span> <span class='ocrx_word' id='word_1_112' title='bbox 1010 1441 1203 1505; x_wconf 82' lang='lat' dir='ltr'><strong>azymorum</strong></span> <span class='ocrx_word' id='word_1_113' title='bbox 1224 1424 1255 1485; x_wconf 91' lang='lat' dir='ltr'><strong>in</strong></span> <span class='ocrx_word' id='word_1_114' title='bbox 1278 1416 1495 1485; x_wconf 85' lang='lat' dir='ltr'><strong>oblationibus</strong></span> <span class='ocrx_word' id='word_1_115' title='bbox 1517 1418 1691 1501; x_wconf 76' lang='lat' dir='ltr'><strong>et&#39;ritibus</strong></span> <span class='ocrx_word' id='word_1_116' title='bbox 1713 1424 1829 1511; x_wconf 82' lang='lat' dir='ltr'><strong>sacris,</strong></span> 
     </span>
     <span class='ocr_line' id='line_1_12' title="bbox 206 1508 1829 1596; baseline -0.001 -23"><span class='ocrx_word' id='word_1_117' title='bbox 206 1509 348 1573; x_wconf 82' lang='lat' dir='ltr'><strong>Constat</strong></span> <span class='ocrx_word' id='word_1_118' title='bbox 370 1511 456 1569; x_wconf 88' lang='lat' dir='ltr'><strong>enim</strong></span> <span class='ocrx_word' id='word_1_119' title='bbox 479 1528 633 1571; x_wconf 91' lang='lat' dir='ltr'><strong>omnem</strong></span> <span class='ocrx_word' id='word_1_120' title='bbox 656 1508 909 1569; x_wconf 88' lang='lat' dir='ltr'><strong>oblationem</strong></span> <span class='ocrx_word' id='word_1_121' title='bbox 938 1508 1199 1569; x_wconf 90' lang='lat' dir='ltr'><strong>incruentam</strong></span> <span class='ocrx_word' id='word_1_122' title='bbox 1229 1508 1392 1596; x_wconf 69' lang='lat' dir='ltr'><strong>(rrrpqrq),</strong></span> <span class='ocrx_word' id='word_1_123' title='bbox 1415 1510 1490 1571; x_wconf 85' lang='lat' dir='ltr'><strong>sive</strong></span> <span class='ocrx_word' id='word_1_124' title='bbox 1521 1510 1659 1570; x_wconf 88' lang='lat' dir='ltr'><strong>seorsim</strong></span> <span class='ocrx_word' id='word_1_125' title='bbox 1687 1508 1829 1571; x_wconf 80' lang='lat' dir='ltr'><strong>oblatam</strong></span> 
     </span>
     <span class='ocr_line' id='line_1_13' title="bbox 205 1592 1828 1674; baseline -0.001 -16"><span class='ocrx_word' id='word_1_126' title='bbox 205 1596 278 1658; x_wconf 87' lang='lat' dir='ltr'><strong>sive</strong></span> <span class='ocrx_word' id='word_1_127' title='bbox 299 1594 468 1657; x_wconf 85' lang='lat' dir='ltr'><strong>sacrificiis</strong></span> <span class='ocrx_word' id='word_1_128' title='bbox 496 1596 642 1657; x_wconf 83' lang='lat' dir='ltr'><strong>cruentis</strong></span> <span class='ocrx_word' id='word_1_129' title='bbox 665 1593 827 1674; x_wconf 85' lang='lat' dir='ltr'><strong>additam,</strong></span> <span class='ocrx_word' id='word_1_130' title='bbox 858 1592 1206 1655; x_wconf 87' lang='lat' dir='ltr'><strong>infermentatam</strong></span> <span class='ocrx_word' id='word_1_131' title='bbox 1229 1594 1348 1674; x_wconf 88' lang='lat' dir='ltr'><strong>fuisse,</strong></span> <span class='ocrx_word' id='word_1_132' title='bbox 1388 1596 1419 1655; x_wconf 91' lang='lat' dir='ltr'><strong>h.</strong></span> <span class='ocrx_word' id='word_1_133' title='bbox 1443 1614 1473 1659; x_wconf 82' lang='lat' dir='ltr'><strong>e.</strong></span> <span class='ocrx_word' id='word_1_134' title='bbox 1496 1614 1558 1655; x_wconf 92' lang='lat' dir='ltr'><strong>non</strong></span> <span class='ocrx_word' id='word_1_135' title='bbox 1582 1594 1745 1656; x_wconf 82' lang='lat' dir='ltr'><strong>fermento</strong></span> <span class='ocrx_word' id='word_1_136' title='bbox 1771 1602 1828 1657; x_wconf 89' lang='lat' dir='ltr'><strong>aut</strong></span> 
     </span>
     <span class='ocr_line' id='line_1_14' title="bbox 206 1677 1829 1761; baseline -0.001 -18"><span class='ocrx_word' id='word_1_137' title='bbox 206 1680 302 1745; x_wconf 88' lang='lat' dir='ltr'><strong>melle</strong></span> <span class='ocrx_word' id='word_1_138' title='bbox 324 1679 384 1742; x_wconf 90' lang='lat' dir='ltr'><strong>sed</strong></span> <span class='ocrx_word' id='word_1_139' title='bbox 414 1681 503 1742; x_wconf 89' lang='lat' dir='ltr'><strong>sale</strong></span> <span class='ocrx_word' id='word_1_140' title='bbox 536 1680 769 1756; x_wconf 84' lang='lat' dir='ltr'><strong>condiendam,</strong></span> <span class='ocrx_word' id='word_1_141' title='bbox 807 1698 853 1740; x_wconf 89' lang='lat' dir='ltr'><strong>ex</strong></span> <span class='ocrx_word' id='word_1_142' title='bbox 881 1679 957 1760; x_wconf 79' lang='lat' dir='ltr'><strong>lege</strong></span> <span class='ocrx_word' id='word_1_143' title='bbox 989 1680 1071 1740; x_wconf 82' lang='lat' dir='ltr'><strong>hev.</strong></span> <span class='ocrx_word' id='word_1_144' title='bbox 1100 1679 1133 1757; x_wconf 76' lang='lat'><strong>2,</strong></span> <span class='ocrx_word' id='word_1_145' title='bbox 1155 1677 1283 1741; x_wconf 78' lang='lat'>11-13</span> <span class='ocrx_word' id='word_1_146' title='bbox 1311 1678 1373 1761; x_wconf 81' lang='lat' dir='ltr'><strong>(cl.</strong></span> <span class='ocrx_word' id='word_1_147' title='bbox 1397 1680 1505 1761; x_wconf 84' lang='lat' dir='ltr'><strong>legem</strong></span> <span class='ocrx_word' id='word_1_148' title='bbox 1527 1698 1628 1760; x_wconf 84' lang='lat' dir='ltr'><strong>supro</strong></span> <span class='ocrx_word' id='word_1_149' title='bbox 1648 1680 1829 1742; x_wconf 82' lang='lat' dir='ltr'><strong>exhibitam</strong></span> 
     </span>
     <span class='ocr_line' id='line_1_15' title="bbox 205 1764 1831 1846; baseline -0.002 -15"><span class='ocrx_word' id='word_1_150' title='bbox 205 1768 269 1831; x_wconf 75' lang='lat' dir='ltr'><strong>lix.-</strong></span> <span class='ocrx_word' id='word_1_151' title='bbox 291 1764 344 1845; x_wconf 75' lang='lat'><strong>23,</strong></span> <span class='ocrx_word' id='word_1_152' title='bbox 368 1766 409 1829; x_wconf 82' lang='lat'><strong>18</strong></span> <span class='ocrx_word' id='word_1_153' title='bbox 437 1784 500 1846; x_wconf 90' lang='lat' dir='ltr'><strong>qua</strong></span> <span class='ocrx_word' id='word_1_154' title='bbox 531 1767 762 1829; x_wconf 81' lang='lat' dir='ltr'><strong>fermentatum</strong></span> <span class='ocrx_word' id='word_1_155' title='bbox 792 1764 981 1845; x_wconf 87' lang='lat' dir='ltr'><strong>prohibetur</strong></span> <span class='ocrx_word' id='word_1_156' title='bbox 1011 1764 1088 1827; x_wconf 90' lang='lat' dir='ltr'><strong>addi</strong></span> <span class='ocrx_word' id='word_1_157' title='bbox 1118 1764 1309 1844; x_wconf 84' lang='lat' dir='ltr'><strong>sacrificio).</strong></span> <span class='ocrx_word' id='word_1_158' title='bbox 1361 1765 1497 1843; x_wconf 80' lang='lat' dir='ltr'><strong>Qualem</strong></span> <span class='ocrx_word' id='word_1_159' title='bbox 1528 1776 1594 1829; x_wconf 80' lang='lat' dir='ltr'><strong>tam</strong></span> <span class='ocrx_word' id='word_1_160' title='bbox 1626 1766 1831 1841; x_wconf 71' lang='lat' dir='ltr'><strong>holocaustis</strong></span> 
     </span>
     <span class='ocr_line' id='line_1_16' title="bbox 206 1850 1833 1935; baseline 0.002 -21"><span class='ocrx_word' id='word_1_161' title='bbox 206 1850 352 1927; x_wconf 90' lang='lat' dir='ltr'><strong>adhiberi</strong></span> <span class='ocrx_word' id='word_1_162' title='bbox 373 1850 525 1915; x_wconf 87' lang='lat' dir='ltr'><strong>videmus</strong></span> <span class='ocrx_word' id='word_1_163' title='bbox 548 1853 605 1934; x_wconf 83' lang='lat' dir='ltr'><strong>(ut</strong></span> <span class='ocrx_word' id='word_1_164' title='bbox 626 1851 702 1916; x_wconf 88' lang='lat' dir='ltr'><strong>Jud.</strong></span> <span class='ocrx_word' id='word_1_165' title='bbox 725 1851 757 1932; x_wconf 87' lang='lat'><strong>6,</strong></span> <span class='ocrx_word' id='word_1_166' title='bbox 780 1852 822 1913; x_wconf 87' lang='lat'><strong>19</strong></span> <span class='ocrx_word' id='word_1_167' title='bbox 844 1850 969 1931; x_wconf 73' lang='lat' dir='ltr'><strong>seqq-J,</strong></span> <span class='ocrx_word' id='word_1_168' title='bbox 991 1869 1088 1935; x_wconf 90' lang='lat' dir='ltr'><strong>quam</strong></span> <span class='ocrx_word' id='word_1_169' title='bbox 1111 1851 1348 1913; x_wconf 88' lang='lat' dir='ltr'><strong>eucharisticis·</strong></span> <span class='ocrx_word' id='word_1_170' title='bbox 1362 1852 1463 1933; x_wconf 73' lang='lat' dir='ltr'><strong>(hev.</strong></span> <span class='ocrx_word' id='word_1_171' title='bbox 1486 1853 1518 1927; x_wconf 82' lang='lat'><strong>7,</strong></span> <span class='ocrx_word' id='word_1_172' title='bbox 1541 1852 1613 1933; x_wconf 73' lang='lat'><strong>12),</strong></span> <span class='ocrx_word' id='word_1_173' title='bbox 1634 1853 1833 1934; x_wconf 84' lang='lat' dir='ltr'><strong>praesertim,¹</strong></span> 
     </span>
     <span class='ocr_line' id='line_1_17' title="bbox 205 1928 1827 2021; baseline -0.001 -21"><span class='ocrx_word' id='word_1_174' title='bbox 205 1932 515 2019; x_wconf 69' lang='lat' dir='ltr'><strong>a&#39;tl&#39;inaugurandos</strong></span> <span class='ocrx_word' id='word_1_175' title='bbox 545 1936 734 2000; x_wconf 85' lang='lat' dir='ltr'><strong>sacerdotes</strong></span> <span class='ocrx_word' id='word_1_176' title='bbox 764 1930 890 2017; x_wconf 57' lang='lat' dir='ltr'><strong>(arithm</strong></span> <span class='ocrx_word' id='word_1_177' title='bbox 920 1936 983 1996; x_wconf 82' lang='lat' dir='ltr'><strong>Ex.</strong></span> <span class='ocrx_word' id='word_1_178' title='bbox 1006 1934 1183 2015; x_wconf 64' lang='grc' dir='ltr'><strong>19,Μῖ</strong></span> <span class='ocrx_word' id='word_1_179' title='bbox 1206 1954 1297 2017; x_wconf 89' lang='lat' dir='ltr'><strong>seqq.</strong></span> <span class='ocrx_word' id='word_1_180' title='bbox 1333 1936 1416 2021; x_wconf 74' lang='lat' dir='ltr'><strong>hev.</strong></span> <span class='ocrx_word' id='word_1_181' title='bbox 1439 1937 1470 2019; x_wconf 87' lang='lat'><strong>8,</strong></span> <span class='ocrx_word' id='word_1_182' title='bbox 1493 1938 1554 2017; x_wconf 77' lang='lat'><strong>26)</strong></span> <span class='ocrx_word' id='word_1_183' title='bbox 1586 1946 1621 1999; x_wconf 89' lang='lat' dir='ltr'><strong>et</strong></span> <span class='ocrx_word' id='word_1_184' title='bbox 1641 1928 1827 1999; x_wconf 81' lang='lat' dir='ltr'><strong>Naairaeo&#39;s</strong></span> 
     </span>
     <span class='ocr_line' id='line_1_18' title="bbox 205 2003 1830 2107; baseline 0 -22"><span class='ocrx_word' id='word_1_185' title='bbox 205 2022 532 2107; x_wconf 73' lang='lat' dir='ltr'><strong>(Numqttseqq.)</strong></span> <span class='ocrx_word' id='word_1_186' title='bbox 546 2024 671 2084; x_wconf 88' lang='lat' dir='ltr'><strong>oblatis.</strong></span> <span class='ocrx_word' id='word_1_187' title='bbox 706 2018 778 2101; x_wconf 80' lang='lat' dir='ltr'><strong>Qud</strong></span> <span class='ocrx_word' id='word_1_188' title='bbox 794 2003 891 2083; x_wconf 76' lang='lat' dir='ltr'><strong>etiaim</strong></span> <span class='ocrx_word' id='word_1_189' title='bbox 905 2040 1009 2101; x_wconf 86' lang='lat' dir='ltr'><strong>panes</strong></span> <span class='ocrx_word' id='word_1_190' title='bbox 1023 2022 1094 2083; x_wconf 85' lang='lat' dir='ltr'><strong>Deo</strong></span> <span class='ocrx_word' id='word_1_191' title='bbox 1109 2024 1276 2100; x_wconf 90' lang='lat' dir='ltr'><strong>appositos</strong></span> <span class='ocrx_word' id='word_1_192' title='bbox 1290 2022 1391 2100; x_wconf 80' lang='lat' dir='ltr'><strong>(hev.</strong></span> <span class='ocrx_word' id='word_1_193' title='bbox 1405 2022 1458 2102; x_wconf 76' lang='lat'><strong>24,</strong></span> <span class='ocrx_word' id='word_1_194' title='bbox 1472 2022 1493 2082; x_wconf 90' lang='lat'>5</span> <span class='ocrx_word' id='word_1_195' title='bbox 1508 2024 1622 2105; x_wconf 81' lang='lat' dir='ltr'><strong>seqq.)¹</strong></span> <span class='ocrx_word' id='word_1_196' title='bbox 1633 2022 1830 2095; x_wconf 78' lang='lat' dir='ltr'><strong>referendos¹</strong></span> 
     </span>
     <span class='ocr_line' id='line_1_19' title="bbox 206 2106 1826 2190; baseline -0.001 -17"><span class='ocrx_word' id='word_1_197' title='bbox 206 2128 295 2189; x_wconf 84' lang='lat' dir='ltr'><strong>esse,</strong></span> <span class='ocrx_word' id='word_1_198' title='bbox 307 2112 458 2190; x_wconf 85' lang='lat' dir='ltr'><strong>quamvis</strong></span> <span class='ocrx_word' id='word_1_199' title='bbox 473 2126 667 2189; x_wconf 85' lang='lat' dir='ltr'><strong>expressum</strong></span> <span class='ocrx_word' id='word_1_200' title='bbox 683 2127 745 2169; x_wconf 90' lang='lat' dir='ltr'><strong>non</strong></span> <span class='ocrx_word' id='word_1_201' title='bbox 760 2109 815 2188; x_wconf 84' lang='lat' dir='ltr'><strong>sit,</strong></span> <span class='ocrx_word' id='word_1_202' title='bbox 833 2126 875 2168; x_wconf 88' lang='lat' dir='ltr'><strong>ex</strong></span> <span class='ocrx_word' id='word_1_203' title='bbox 888 2108 960 2187; x_wconf 91' lang='lat' dir='ltr'><strong>ipsa</strong></span> <span class='ocrx_word' id='word_1_204' title='bbox 976 2126 1012 2168; x_wconf 92' lang='lat' dir='ltr'><strong>re</strong></span> <span class='ocrx_word' id='word_1_205' title='bbox 1027 2114 1128 2187; x_wconf 87' lang='lat' dir='ltr'><strong>patet.</strong></span> <span class='ocrx_word' id='word_1_206' title='bbox 1148 2106 1242 2169; x_wconf 84' lang='lat' dir='ltr'><strong>llaec</strong></span> <span class='ocrx_word' id='word_1_207' title='bbox 1253 2108 1353 2189; x_wconf 86' lang='lat' dir='ltr'><strong>igitur</strong></span> <span class='ocrx_word' id='word_1_208' title='bbox 1367 2125 1486 2190; x_wconf 79' lang='lat' dir='ltr'><strong>azyma</strong></span> <span class='ocrx_word' id='word_1_209' title='bbox 1509 2110 1616 2170; x_wconf 84' lang='lat' dir='ltr'><strong>omnia</strong></span> <span class='ocrx_word' id='word_1_210' title='bbox 1628 2112 1780 2189; x_wconf 90' lang='lat' dir='ltr'><strong>quoniam</strong></span> <span class='ocrx_word' id='word_1_211' title='bbox 1794 2110 1826 2171; x_wconf 93' lang='lat' dir='ltr'><strong>in</strong></span> 
     </span>
     <span class='ocr_line' id='line_1_20' title="bbox 205 2191 1827 2275; baseline -0.001 -17"><span class='ocrx_word' id='word_1_212' title='bbox 205 2197 312 2267; x_wconf 80' lang='lat' dir='ltr'><strong>sacri</strong></span> <span class='ocrx_word' id='word_1_213' title='bbox 324 2195 406 2261; x_wconf 86' lang='lat' dir='ltr'><strong>aibi</strong></span> <span class='ocrx_word' id='word_1_214' title='bbox 426 2213 561 2259; x_wconf 86' lang='lat' dir='ltr'><strong>numero</strong></span> <span class='ocrx_word' id='word_1_215' title='bbox 576 2203 681 2273; x_wconf 89' lang='lat' dir='ltr'><strong>erant,</strong></span> <span class='ocrx_word' id='word_1_216' title='bbox 693 2212 757 2275; x_wconf 92' lang='lat' dir='ltr'><strong>quo</strong></span> <span class='ocrx_word' id='word_1_217' title='bbox 771 2194 893 2255; x_wconf 89' lang='lat' dir='ltr'><strong>nemini</strong></span> <span class='ocrx_word' id='word_1_218' title='bbox 907 2194 969 2254; x_wconf 92' lang='lat' dir='ltr'><strong>nisi</strong></span> <span class='ocrx_word' id='word_1_219' title='bbox 983 2203 1177 2255; x_wconf 88' lang='lat' dir='ltr'><strong>consecrato</strong></span> <span class='ocrx_word' id='word_1_220' title='bbox 1195 2195 1288 2255; x_wconf 88' lang='lat' dir='ltr'><strong>vesci</strong></span> <span class='ocrx_word' id='word_1_221' title='bbox 1307 2191 1359 2255; x_wconf 83' lang='lat' dir='ltr'><strong>las</strong></span> <span class='ocrx_word' id='word_1_222' title='bbox 1383 2203 1466 2275; x_wconf 91' lang='lat' dir='ltr'><strong>erat,</strong></span> <span class='ocrx_word' id='word_1_223' title='bbox 1486 2204 1521 2255; x_wconf 91' lang='lat' dir='ltr'><strong>et</strong></span> <span class='ocrx_word' id='word_1_224' title='bbox 1540 2197 1827 2263; x_wconf 76' lang='lat' dir='ltr'><strong>sanctissima</strong></span> 
     </span>
     <span class='ocr_line' id='line_1_21' title="bbox 205 2278 1826 2369; baseline 0.001 -26"><span class='ocrx_word' id='word_1_225' title='bbox 205 2281 337 2369; x_wconf 78' lang='lat' dir='ltr'><strong>quidem</strong></span> <span class='ocrx_word' id='word_1_226' title='bbox 349 2280 471 2365; x_wconf 54' lang='lat' dir='ltr'><strong>(usurp</strong></span> <span class='ocrx_word' id='word_1_227' title='bbox 488 2281 578 2364; x_wconf 64' lang='lat' dir='ltr'><strong>huj-tp)</strong></span> <span class='ocrx_word' id='word_1_228' title='bbox 592 2300 622 2343; x_wconf 89' lang='lat' dir='ltr'><strong>s.</strong></span> <span class='ocrx_word' id='word_1_229' title='bbox 637 2278 1052 2365; x_wconf 69' lang='lat' dir='ltr'><strong>sacrosancta-habita,</strong></span> <span class='ocrx_word' id='word_1_230' title='bbox 1072 2280 1377 2343; x_wconf 87' lang='lat' dir='ltr'><strong>sacerdotibus</strong></span> <span class='ocrx_word' id='word_1_231' title='bbox 1395 2279 1566 2357; x_wconf 86' lang='lat' dir='ltr'><strong>cedebant,</strong></span> <span class='ocrx_word' id='word_1_232' title='bbox 1578 2280 1700 2363; x_wconf 84' lang='lat' dir='ltr'><strong>quibua</strong></span> <span class='ocrx_word' id='word_1_233' title='bbox 1714 2292 1826 2344; x_wconf 90' lang='lat' dir='ltr'><strong>tamon</strong></span> 
     </span>
     <span class='ocr_line' id='line_1_22' title="bbox 206 2362 1827 2455; baseline 0 -26"><span class='ocrx_word' id='word_1_234' title='bbox 206 2366 335 2455; x_wconf 78' lang='lat' dir='ltr'><strong>etipsis</strong></span> <span class='ocrx_word' id='word_1_235' title='bbox 351 2363 523 2428; x_wconf 77' lang='lat' dir='ltr'><strong>nefas-erat</strong></span> <span class='ocrx_word' id='word_1_236' title='bbox 535 2364 788 2429; x_wconf 88' lang='lat' dir='ltr'><strong>advcseendum</strong></span> <span class='ocrx_word' id='word_1_237' title='bbox 797 2364 957 2426; x_wconf 90' lang='lat' dir='ltr'><strong>accedere</strong></span> <span class='ocrx_word' id='word_1_238' title='bbox 965 2365 1026 2425; x_wconf 90' lang='lat' dir='ltr'><strong>nisi</strong></span> <span class='ocrx_word' id='word_1_239' title='bbox 1042 2366 1198 2449; x_wconf 83' lang='lat' dir='ltr'><strong>masculis</strong></span> <span class='ocrx_word' id='word_1_240' title='bbox 1213 2364 1740 2445; x_wconf 87' lang='lat' dir='ltr'><strong>iisquemundiss.lustratis,etin</strong></span> <span class='ocrx_word' id='word_1_241' title='bbox 1752 2362 1827 2437; x_wconf 84' lang='lat' dir='ltr'><strong>loco</strong></span> 
     </span>
     <span class='ocr_line' id='line_1_23' title="bbox 205 2446 1825 2535; baseline -0.001 -19"><span class='ocrx_word' id='word_1_242' title='bbox 205 2452 410 2516; x_wconf 79' lang='lat' dir='ltr'><strong>s&#39;anctolrev.</strong></span> <span class='ocrx_word' id='word_1_243' title='bbox 418 2451 448 2525; x_wconf 82' lang='lat' dir='ltr'><strong>t,</strong></span> <span class='ocrx_word' id='word_1_244' title='bbox 456 2452 573 2514; x_wconf 84' lang='lat'><strong>9-11.</strong></span> <span class='ocrx_word' id='word_1_245' title='bbox 590 2452 790 2533; x_wconf 73' lang='lat' dir='ltr'><strong>10,12seqq.</strong></span> <span class='ocrx_word' id='word_1_246' title='bbox 803 2450 902 2531; x_wconf 77' lang='lat' dir='ltr'><strong>al,9;</strong></span> <span class='ocrx_word' id='word_1_247' title='bbox 917 2446 1030 2510; x_wconf 75' lang='lat' dir='ltr'><strong>eadem</strong></span> <span class='ocrx_word' id='word_1_248' title='bbox 1043 2451 1199 2531; x_wconf 83' lang='lat' dir='ltr'><strong>religione</strong></span> <span class='ocrx_word' id='word_1_249' title='bbox 1218 2470 1281 2535; x_wconf 92' lang='lat' dir='ltr'><strong>qua</strong></span> <span class='ocrx_word' id='word_1_250' title='bbox 1301 2453 1479 2513; x_wconf 87' lang='lat' dir='ltr'><strong>utebantur</strong></span> <span class='ocrx_word' id='word_1_251' title='bbox 1497 2453 1709 2533; x_wconf 86' lang='lat' dir='ltr'><strong>piacularium</strong></span> <span class='ocrx_word' id='word_1_252' title='bbox 1726 2472 1825 2525; x_wconf 81' lang='lat' dir='ltr'><strong>car·</strong></span> 
     </span>
     <span class='ocr_line' id='line_1_24' title="bbox 205 2534 1826 2620; baseline -0.001 -18"><span class='ocrx_word' id='word_1_253' title='bbox 205 2538 281 2602; x_wconf 83' lang='lat' dir='ltr'><strong>n&#39;es</strong></span> <span class='ocrx_word' id='word_1_254' title='bbox 302 2538 384 2599; x_wconf 78' lang='lat' dir='ltr'><strong>hev.</strong></span> <span class='ocrx_word' id='word_1_255' title='bbox 394 2537 425 2616; x_wconf 90' lang='grc'><strong>6,</strong></span> <span class='ocrx_word' id='word_1_256' title='bbox 435 2538 576 2620; x_wconf 84' lang='lat' dir='ltr'><strong>19seqq.</strong></span> <span class='ocrx_word' id='word_1_257' title='bbox 597 2536 629 2616; x_wconf 84' lang='grc'><strong>7,</strong></span> <span class='ocrx_word' id='word_1_258' title='bbox 650 2536 776 2617; x_wconf 83' lang='lat' dir='ltr'><strong>dseqq.</strong></span> <span class='ocrx_word' id='word_1_259' title='bbox 801 2536 853 2615; x_wconf 89' lang='lat'><strong>10,</strong></span> <span class='ocrx_word' id='word_1_260' title='bbox 867 2534 908 2595; x_wconf 91' lang='grc'><strong>16</strong></span> <span class='ocrx_word' id='word_1_261' title='bbox 920 2551 1011 2615; x_wconf 89' lang='lat' dir='ltr'><strong>seqq.</strong></span> <span class='ocrx_word' id='word_1_262' title='bbox 1033 2536 1133 2597; x_wconf 88' lang='lat' dir='ltr'><strong>Num.</strong></span> <span class='ocrx_word' id='word_1_263' title='bbox 1154 2535 1412 2619; x_wconf 71' lang='lat' dir='ltr'><strong>18,9seqq.³⁰).</strong></span> <span class='ocrx_word' id='word_1_264' title='bbox 1455 2538 1541 2598; x_wconf 88' lang='lat' dir='ltr'><strong>Hinc</strong></span> <span class='ocrx_word' id='word_1_265' title='bbox 1553 2534 1826 2618; x_wconf 85' lang='lat' dir='ltr'><strong>quemadmodum</strong></span> 
     </span>
     <span class='ocr_line' id='line_1_25' title="bbox 205 2618 1823 2709; baseline 0.001 -20"><span class='ocrx_word' id='word_1_266' title='bbox 205 2619 267 2689; x_wconf 70' lang='lat' dir='ltr'><strong>arrh</strong></span> <span class='ocrx_word' id='word_1_267' title='bbox 289 2620 351 2688; x_wconf 69' lang='lat' dir='ltr'><strong>hart</strong></span> <span class='ocrx_word' id='word_1_268' title='bbox 375 2641 435 2702; x_wconf 93' lang='lat' dir='ltr'><strong>pro</strong></span> <span class='ocrx_word' id='word_1_269' title='bbox 462 2624 555 2685; x_wconf 90' lang='lat' dir='ltr'><strong>victu</strong></span> <span class='ocrx_word' id='word_1_270' title='bbox 583 2624 739 2684; x_wconf 83' lang='lat' dir='ltr'><strong>universo</strong></span> <span class='ocrx_word' id='word_1_271' title='bbox 768 2629 803 2683; x_wconf 89' lang='lat' dir='ltr'><strong>et</strong></span> <span class='ocrx_word' id='word_1_272' title='bbox 832 2620 923 2680; x_wconf 89' lang='lat' dir='ltr'><strong>vitae</strong></span> <span class='ocrx_word' id='word_1_273' title='bbox 937 2624 1192 2684; x_wconf 83' lang='lat' dir='ltr'><strong>sustentatione</strong></span> <span class='ocrx_word' id='word_1_274' title='bbox 1214 2626 1382 2702; x_wconf 89' lang='lat' dir='ltr'><strong>usitatum,</strong></span> <span class='ocrx_word' id='word_1_275' title='bbox 1403 2625 1451 2684; x_wconf 91' lang='lat' dir='ltr'><strong>ita</strong></span> <span class='ocrx_word' id='word_1_276' title='bbox 1473 2638 1554 2687; x_wconf 68' lang='lat' dir='ltr'><strong>nram</strong></span> <span class='ocrx_word' id='word_1_277' title='bbox 1578 2618 1639 2689; x_wconf 62' lang='lat' dir='ltr'><strong>bart</strong></span> <span class='ocrx_word' id='word_1_278' title='bbox 1659 2626 1701 2687; x_wconf 56' lang='lat'><strong>2(</strong></span> <span class='ocrx_word' id='word_1_279' title='bbox 1714 2624 1823 2709; x_wconf 76' lang='lat' dir='ltr'><strong>li&#39;agg.</strong></span> 
     </span>
     <span class='ocr_line' id='line_1_26' title="bbox 204 2704 1825 2789; baseline -0.001 -16"><span class='ocrx_word' id='word_1_280' title='bbox 204 2708 259 2786; x_wconf 73' lang='lat'><strong>23,</strong></span> <span class='ocrx_word' id='word_1_281' title='bbox 282 2709 304 2771; x_wconf 84' lang='grc'><strong>9</strong></span> <span class='ocrx_word' id='word_1_282' title='bbox 326 2728 383 2789; x_wconf 91' lang='lat' dir='ltr'><strong>pro</strong></span> <span class='ocrx_word' id='word_1_283' title='bbox 404 2709 496 2770; x_wconf 91' lang='lat' dir='ltr'><strong>victu</strong></span> <span class='ocrx_word' id='word_1_284' title='bbox 519 2717 554 2771; x_wconf 87' lang='lat' dir='ltr'><strong>et</strong></span> <span class='ocrx_word' id='word_1_285' title='bbox 577 2707 740 2788; x_wconf 89' lang='lat' dir='ltr'><strong>stipendio</strong></span> <span class='ocrx_word' id='word_1_286' title='bbox 762 2704 969 2768; x_wconf 90' lang='lat' dir='ltr'><strong>sacerdotum</strong></span> <span class='ocrx_word' id='word_1_287' title='bbox 992 2726 1056 2768; x_wconf 87' lang='lat' dir='ltr'><strong>usu</strong></span> <span class='ocrx_word' id='word_1_288' title='bbox 1077 2709 1181 2769; x_wconf 87' lang='lat' dir='ltr'><strong>venit.</strong></span> <span class='ocrx_word' id='word_1_289' title='bbox 1225 2706 1332 2785; x_wconf 80' lang='lat' dir='ltr'><strong>Quam</strong></span> <span class='ocrx_word' id='word_1_290' title='bbox 1355 2710 1566 2771; x_wconf 80' lang='lat' dir='ltr'><strong>sanctitatem</strong></span> <span class='ocrx_word' id='word_1_291' title='bbox 1589 2709 1681 2771; x_wconf 69' lang='lat' dir='ltr'><strong>unde*</strong></span> <span class='ocrx_word' id='word_1_292' title='bbox 1706 2720 1825 2774; x_wconf 78' lang='lat' dir='ltr'><strong>traxe-</strong></span> 
     </span>
     <span class='ocr_line' id='line_1_27' title="bbox 204 2793 1825 2876; baseline 0.001 -19"><span class='ocrx_word' id='word_1_293' title='bbox 204 2797 277 2875; x_wconf 83' lang='lat' dir='ltr'><strong>rint</strong></span> <span class='ocrx_word' id='word_1_294' title='bbox 290 2813 411 2875; x_wconf 80' lang='lat' dir='ltr'><strong>azyma</strong></span> <span class='ocrx_word' id='word_1_295' title='bbox 433 2795 597 2876; x_wconf 78' lang='lat' dir='ltr'><strong>ambigas:</strong></span> <span class='ocrx_word' id='word_1_296' title='bbox 621 2794 679 2857; x_wconf 89' lang='lat' dir='ltr'><strong>scd</strong></span> <span class='ocrx_word' id='word_1_297' title='bbox 695 2795 757 2855; x_wconf 88' lang='lat' dir='ltr'><strong>hoo</strong></span> <span class='ocrx_word' id='word_1_298' title='bbox 771 2804 863 2865; x_wconf 88' lang='lat' dir='ltr'><strong>certe</strong></span> <span class='ocrx_word' id='word_1_299' title='bbox 884 2802 976 2872; x_wconf 88' lang='lat' dir='ltr'><strong>patet</strong></span> <span class='ocrx_word' id='word_1_300' title='bbox 995 2810 1058 2856; x_wconf 87' lang='lat' dir='ltr'><strong>non</strong></span> <span class='ocrx_word' id='word_1_301' title='bbox 1081 2812 1102 2855; x_wconf 89' lang='lat' dir='ltr'><strong>a</strong></span> <span class='ocrx_word' id='word_1_302' title='bbox 1124 2793 1214 2867; x_wconf 90' lang='lat' dir='ltr'><strong>rudi</strong></span> <span class='ocrx_word' id='word_1_303' title='bbox 1236 2796 1348 2875; x_wconf 86' lang='lat' dir='ltr'><strong>aliqua·</strong></span> <span class='ocrx_word' id='word_1_304' title='bbox 1367 2796 1548 2875; x_wconf 86' lang='lat' dir='ltr'><strong>priscorum</strong></span> <span class='ocrx_word' id='word_1_305' title='bbox 1561 2805 1599 2857; x_wconf 93' lang='lat' dir='ltr'><strong>et</strong></span> <span class='ocrx_word' id='word_1_306' title='bbox 1613 2795 1628 2856; x_wconf 84' lang='grc'>1</span> <span class='ocrx_word' id='word_1_307' title='bbox 1634 2799 1825 2861; x_wconf 83' lang='lat' dir='ltr'><strong>estinata</strong></span> 
     </span>
     <span class='ocr_line' id='line_1_28' title="bbox 204 2877 1825 2965; baseline 0.002 -23"><span class='ocrx_word' id='word_1_308' title='bbox 204 2880 299 2963; x_wconf 87' lang='lat' dir='ltr'><strong>panis</strong></span> <span class='ocrx_word' id='word_1_309' title='bbox 321 2879 455 2961; x_wconf 89' lang='lat' dir='ltr'><strong>parandi</strong></span> <span class='ocrx_word' id='word_1_310' title='bbox 476 2883 620 2957; x_wconf 85' lang='lat' dir='ltr'><strong>ratione,</strong></span> <span class='ocrx_word' id='word_1_311' title='bbox 635 2899 732 2961; x_wconf 90' lang='lat' dir='ltr'><strong>quam</strong></span> <span class='ocrx_word' id='word_1_312' title='bbox 754 2877 958 2947; x_wconf 89' lang='lat' dir='ltr'><strong>desertioolis</strong></span> <span class='ocrx_word' id='word_1_313' title='bbox 979 2880 1145 2942; x_wconf 90' lang='lat' dir='ltr'><strong>Arabibus</strong></span> <span class='ocrx_word' id='word_1_314' title='bbox 1159 2934 1163 2939; x_wconf 91' lang='lat'>.</span> <span class='ocrx_word' id='word_1_315' title='bbox 1176 2880 1352 2943; x_wconf 88' lang='lat' dir='ltr'><strong>etiamnum</strong></span> <span class='ocrx_word' id='word_1_316' title='bbox 1379 2881 1536 2943; x_wconf 89' lang='lat' dir='ltr'><strong>usitatam</strong></span> <span class='ocrx_word' id='word_1_317' title='bbox 1563 2881 1690 2963; x_wconf 81' lang='lat' dir='ltr'><strong>lerunt,</strong></span> <span class='ocrx_word' id='word_1_318' title='bbox 1721 2902 1825 2965; x_wconf 88' lang='lat' dir='ltr'><strong>repe-</strong></span> 
     </span>
     <span class='ocr_line' id='line_1_29' title="bbox 205 2961 1825 3052; baseline 0.002 -24"><span class='ocrx_word' id='word_1_319' title='bbox 205 2962 339 3028; x_wconf 88' lang='lat' dir='ltr'><strong>tendam</strong></span> <span class='ocrx_word' id='word_1_320' title='bbox 361 2984 438 3027; x_wconf 88' lang='lat' dir='ltr'><strong>esse</strong></span> <span class='ocrx_word' id='word_1_321' title='bbox 462 2966 575 3047; x_wconf 88' lang='lat' dir='ltr'><strong>(quasi</strong></span> <span class='ocrx_word' id='word_1_322' title='bbox 591 2965 782 3047; x_wconf 87' lang='lat' dir='ltr'><strong>jejunum</strong></span> <span class='ocrx_word' id='word_1_323' title='bbox 804 2964 862 3025; x_wconf 82' lang='lat' dir='ltr'><strong>aut</strong></span> <span class='ocrx_word' id='word_1_324' title='bbox 884 2961 1068 3027; x_wconf 90' lang='lat' dir='ltr'><strong>adamatum</strong></span> <span class='ocrx_word' id='word_1_325' title='bbox 1092 2984 1233 3046; x_wconf 91' lang='lat' dir='ltr'><strong>unquam</strong></span> <span class='ocrx_word' id='word_1_326' title='bbox 1250 2966 1364 3047; x_wconf 83' lang='lat' dir='ltr'><strong>fuisse,</strong></span> <span class='ocrx_word' id='word_1_327' title='bbox 1385 2977 1443 3029; x_wconf 91' lang='lat' dir='ltr'><strong>aut</strong></span> <span class='ocrx_word' id='word_1_328' title='bbox 1458 2968 1544 3029; x_wconf 87' lang='lat' dir='ltr'><strong>sacri</strong></span> <span class='ocrx_word' id='word_1_329' title='bbox 1560 2969 1726 3031; x_wconf 90' lang='lat' dir='ltr'><strong>notionem</strong></span> <span class='ocrx_word' id='word_1_330' title='bbox 1741 2986 1825 3052; x_wconf 87' lang='lat' dir='ltr'><strong>pos-</strong></span> 
     </span>
     <span class='ocr_line' id='line_1_30' title="bbox 206 3047 1825 3138; baseline 0.001 -25"><span class='ocrx_word' id='word_1_331' title='bbox 206 3050 252 3113; x_wconf 77' lang='lat' dir='ltr'><strong>sit</strong></span> <span class='ocrx_word' id='word_1_332' title='bbox 271 3050 445 3131; x_wconf 78' lang='lat' dir='ltr'><strong>infernal),</strong></span> <span class='ocrx_word' id='word_1_333' title='bbox 484 3050 643 3135; x_wconf 89' lang='lat' dir='ltr'><strong>siquidem</strong></span> <span class='ocrx_word' id='word_1_334' title='bbox 665 3047 871 3112; x_wconf 89' lang='lat' dir='ltr'><strong>condimento</strong></span> <span class='ocrx_word' id='word_1_335' title='bbox 893 3068 973 3112; x_wconf 91' lang='lat' dir='ltr'><strong>sane</strong></span> <span class='ocrx_word' id='word_1_336' title='bbox 995 3071 1059 3112; x_wconf 93' lang='lat' dir='ltr'><strong>non</strong></span> <span class='ocrx_word' id='word_1_337' title='bbox 1082 3054 1252 3131; x_wconf 85' lang='lat' dir='ltr'><strong>carebant,</strong></span> <span class='ocrx_word' id='word_1_338' title='bbox 1276 3053 1336 3117; x_wconf 90' lang='lat' dir='ltr'><strong>sed</strong></span> <span class='ocrx_word' id='word_1_339' title='bbox 1351 3052 1448 3114; x_wconf 90' lang='lat' dir='ltr'><strong>&#39;sale</strong></span> <span class='ocrx_word' id='word_1_340' title='bbox 1467 3051 1646 3116; x_wconf 85' lang='lat' dir='ltr'><strong>¹utebantur</strong></span> <span class='ocrx_word' id='word_1_341' title='bbox 1671 3074 1730 3138; x_wconf 92' lang='lat' dir='ltr'><strong>pro</strong></span> <span class='ocrx_word' id='word_1_342' title='bbox 1753 3053 1825 3117; x_wconf 86' lang='lat' dir='ltr'><strong>fer·</strong></span> 
     </span>
     <span class='ocr_line' id='line_1_31' title="bbox 205 3134 1823 3223; baseline 0.002 -23"><span class='ocrx_word' id='word_1_343' title='bbox 205 3144 333 3200; x_wconf 84' lang='lat' dir='ltr'><strong>mento:</strong></span> <span class='ocrx_word' id='word_1_344' title='bbox 357 3134 415 3197; x_wconf 88' lang='lat' dir='ltr'><strong>sed</strong></span> <span class='ocrx_word' id='word_1_345' title='bbox 437 3136 499 3198; x_wconf 94' lang='lat' dir='ltr'><strong>hoc</strong></span> <span class='ocrx_word' id='word_1_346' title='bbox 523 3138 635 3219; x_wconf 90' lang='lat' dir='ltr'><strong>potios</strong></span> <span class='ocrx_word' id='word_1_347' title='bbox 658 3136 781 3216; x_wconf 88' lang='lat' dir='ltr'><strong>quaeri,</strong></span> <span class='ocrx_word' id='word_1_348' title='bbox 802 3152 903 3217; x_wconf 85' lang='lat' dir='ltr'><strong>quare</strong></span> <span class='ocrx_word' id='word_1_349' title='bbox 926 3138 1063 3197; x_wconf 87' lang='lat' dir='ltr'><strong>sacris</strong></span> <span class='ocrx_word' id='word_1_350' title='bbox 1084 3135 1162 3199; x_wconf 93' lang='lat' dir='ltr'><strong>illud</strong></span> <span class='ocrx_word' id='word_1_351' title='bbox 1185 3138 1290 3199; x_wconf 88' lang='lat' dir='ltr'><strong>salis</strong></span> <span class='ocrx_word' id='word_1_352' title='bbox 1319 3136 1560 3201; x_wconf 90' lang='lat' dir='ltr'><strong>condimentum</strong></span> <span class='ocrx_word' id='word_1_353' title='bbox 1581 3136 1682 3202; x_wconf 86' lang='lat' dir='ltr'><strong>unum</strong></span> <span class='ocrx_word' id='word_1_354' title='bbox 1699 3140 1823 3223; x_wconf 87' lang='lat' dir='ltr'><strong>&#39;aptum</strong></span> 
     </span>
     <span class='ocr_line' id='line_1_32' title="bbox 206 3219 1828 3308; baseline 0.002 -21"><span class='ocrx_word' id='word_1_355' title='bbox 206 3232 242 3287; x_wconf 87' lang='lat' dir='ltr'><strong>et</strong></span> <span class='ocrx_word' id='word_1_356' title='bbox 263 3220 397 3303; x_wconf 77' lang='lat' dir='ltr'><strong>dignum</strong></span> <span class='ocrx_word' id='word_1_357' title='bbox 420 3222 530 3285; x_wconf 89' lang='lat' dir='ltr'><strong>visum</strong></span> <span class='ocrx_word' id='word_1_358' title='bbox 551 3222 660 3300; x_wconf 82' lang='lat' dir='ltr'><strong>luerit,</strong></span> <span class='ocrx_word' id='word_1_359' title='bbox 682 3220 834 3282; x_wconf 85' lang='lat' dir='ltr'><strong>fermenti</strong></span> <span class='ocrx_word' id='word_1_360' title='bbox 854 3239 936 3281; x_wconf 90' lang='lat' dir='ltr'><strong>vero</strong></span> <span class='ocrx_word' id='word_1_361' title='bbox 958 3229 992 3283; x_wconf 89' lang='lat' dir='ltr'><strong>et</strong></span> <span class='ocrx_word' id='word_1_362' title='bbox 1014 3219 1122 3284; x_wconf 89' lang='lat' dir='ltr'><strong>mellis·</strong></span> <span class='ocrx_word' id='word_1_363' title='bbox 1141 3231 1209 3286; x_wconf 87' lang='lat' dir='ltr'><strong>tarn</strong></span> <span class='ocrx_word' id='word_1_364' title='bbox 1230 3223 1399 3303; x_wconf 82' lang='lat' dir='ltr'><strong>profanum</strong></span> <span class='ocrx_word' id='word_1_365' title='bbox 1422 3232 1459 3285; x_wconf 93' lang='lat' dir='ltr'><strong>ut</strong></span> <span class='ocrx_word' id='word_1_366' title='bbox 1480 3224 1534 3285; x_wconf 90' lang='lat' dir='ltr'><strong>vel</strong></span> <span class='ocrx_word' id='word_1_367' title='bbox 1557 3227 1688 3305; x_wconf 87' lang='lat' dir='ltr'><strong>capitali</strong></span> <span class='ocrx_word' id='word_1_368' title='bbox 1715 3220 1828 3308; x_wconf 69' lang='lat' dir='ltr'><strong>poena*</strong></span> 
     </span>
     <span class='ocr_line' id='line_1_33' title="bbox 205 3305 1828 3395; baseline 0.001 -23"><span class='ocrx_word' id='word_1_369' title='bbox 205 3309 354 3385; x_wconf 77' lang='lat' dir='ltr'><strong>a-sacris</strong></span> <span class='ocrx_word' id='word_1_370' title='bbox 376 3317 553 3371; x_wconf 78' lang='lat' dir='ltr'><strong>arceretur.</strong></span> <span class='ocrx_word' id='word_1_371' title='bbox 598 3305 694 3384; x_wconf 80' lang='lat' dir='ltr'><strong>Quod</strong></span> <span class='ocrx_word' id='word_1_372' title='bbox 712 3314 781 3369; x_wconf 92' lang='lat' dir='ltr'><strong>tum</strong></span> <span class='ocrx_word' id='word_1_373' title='bbox 799 3325 843 3368; x_wconf 87' lang='lat' dir='ltr'><strong>ex</strong></span> <span class='ocrx_word' id='word_1_374' title='bbox 865 3306 946 3367; x_wconf 89' lang='lat' dir='ltr'><strong>salis</strong></span> <span class='ocrx_word' id='word_1_375' title='bbox 968 3310 1174 3393; x_wconf 87' lang='lat' dir='ltr'><strong>praestantia</strong></span> <span class='ocrx_word' id='word_1_376' title='bbox 1195 3319 1231 3371; x_wconf 90' lang='lat' dir='ltr'><strong>et</strong></span> <span class='ocrx_word' id='word_1_377' title='bbox 1250 3327 1313 3371; x_wconf 90' lang='lat' dir='ltr'><strong>usu</strong></span> <span class='ocrx_word' id='word_1_378' title='bbox 1334 3311 1367 3371; x_wconf 91' lang='lat' dir='ltr'><strong>in</strong></span> <span class='ocrx_word' id='word_1_379' title='bbox 1390 3310 1494 3371; x_wconf 87' lang='lat' dir='ltr'><strong>sacris</strong></span> <span class='ocrx_word' id='word_1_380' title='bbox 1515 3320 1550 3372; x_wconf 87' lang='lat' dir='ltr'><strong>at</strong></span> <span class='ocrx_word' id='word_1_381' title='bbox 1580 3313 1698 3373; x_wconf 87' lang='lat' dir='ltr'><strong>ritibus</strong></span> <span class='ocrx_word' id='word_1_382' title='bbox 1727 3310 1828 3395; x_wconf 75' lang='lat' dir='ltr'><strong>syrri-</strong></span> 
     </span>
     <span class='ocr_line' id='line_1_34' title="bbox 205 3392 1823 3481; baseline 0.004 -24"><span class='ocrx_word' id='word_1_383' title='bbox 205 3394 322 3467; x_wconf 85' lang='lat' dir='ltr'><strong>bolicis</strong></span> <span class='ocrx_word' id='word_1_384' title='bbox 344 3393 590 3473; x_wconf 89' lang='lat' dir='ltr'><strong>antiquissimo,</strong></span> <span class='ocrx_word' id='word_1_385' title='bbox 612 3402 680 3455; x_wconf 90' lang='lat' dir='ltr'><strong>tum</strong></span> <span class='ocrx_word' id='word_1_386' title='bbox 702 3411 783 3454; x_wconf 91' lang='lat' dir='ltr'><strong>vero</strong></span> <span class='ocrx_word' id='word_1_387' title='bbox 805 3410 849 3454; x_wconf 85' lang='lat' dir='ltr'><strong>ex</strong></span> <span class='ocrx_word' id='word_1_388' title='bbox 871 3393 975 3471; x_wconf 88' lang='lat' dir='ltr'><strong>ipsius</strong></span> <span class='ocrx_word' id='word_1_389' title='bbox 1007 3392 1208 3456; x_wconf 79' lang='lat' dir='ltr'><strong>fermenti</strong></span> <span class='ocrx_word' id='word_1_390' title='bbox 1243 3406 1363 3459; x_wconf 91' lang='lat' dir='ltr'><strong>natura</strong></span> <span class='ocrx_word' id='word_1_391' title='bbox 1390 3395 1487 3459; x_wconf 78' lang='lat' dir='ltr'><strong>facile</strong></span> <span class='ocrx_word' id='word_1_392' title='bbox 1518 3396 1706 3461; x_wconf 89' lang='lat' dir='ltr'><strong>derivatur:</strong></span> <span class='ocrx_word' id='word_1_393' title='bbox 1734 3399 1823 3481; x_wconf 86' lang='lat' dir='ltr'><strong>quod</strong></span> 
     </span>
     <span class='ocr_line' id='line_1_35' title="bbox 205 3470 1823 3565; baseline 0.001 -23"><span class='ocrx_word' id='word_1_394' title='bbox 205 3486 280 3543; x_wconf 88' lang='lat' dir='ltr'><strong>cum</strong></span> <span class='ocrx_word' id='word_1_395' title='bbox 302 3499 345 3543; x_wconf 87' lang='lat' dir='ltr'><strong>ex</strong></span> <span class='ocrx_word' id='word_1_396' title='bbox 366 3478 539 3562; x_wconf 88' lang='lat' dir='ltr'><strong>putredine</strong></span> <span class='ocrx_word' id='word_1_397' title='bbox 561 3487 595 3539; x_wconf 91' lang='lat' dir='ltr'><strong>et</strong></span> <span class='ocrx_word' id='word_1_398' title='bbox 616 3479 822 3559; x_wconf 88' lang='lat' dir='ltr'><strong>corruptione</strong></span> <span class='ocrx_word' id='word_1_399' title='bbox 844 3488 951 3551; x_wconf 89' lang='lat' dir='ltr'><strong>ortum</strong></span> <span class='ocrx_word' id='word_1_400' title='bbox 973 3470 1032 3559; x_wconf 80' lang='lat' dir='ltr'><strong>sit,</strong></span> <span class='ocrx_word' id='word_1_401' title='bbox 1050 3479 1125 3541; x_wconf 90' lang='lat' dir='ltr'><strong>hinc</strong></span> <span class='ocrx_word' id='word_1_402' title='bbox 1145 3479 1293 3560; x_wconf 90' lang='lat' dir='ltr'><strong>impuri</strong></span> <span class='ocrx_word' id='word_1_403' title='bbox 1315 3493 1349 3545; x_wconf 90' lang='lat' dir='ltr'><strong>et</strong></span> <span class='ocrx_word' id='word_1_404' title='bbox 1378 3483 1568 3563; x_wconf 87' lang='lat' dir='ltr'><strong>corrupti</strong></span> <span class='ocrx_word' id='word_1_405' title='bbox 1596 3484 1737 3565; x_wconf 89' lang='lat' dir='ltr'><strong>aliquam</strong></span> <span class='ocrx_word' id='word_1_406' title='bbox 1758 3487 1823 3547; x_wconf 69' lang='lat' dir='ltr'><strong>ui-</strong></span> 
     </span>
     <span class='ocr_line' id='line_1_36' title="bbox 207 3563 1825 3649; baseline 0.004 -23"><span class='ocrx_word' id='word_1_407' title='bbox 207 3564 305 3629; x_wconf 85' lang='lat' dir='ltr'><strong>detur¹</strong></span> <span class='ocrx_word' id='word_1_408' title='bbox 324 3564 447 3628; x_wconf 81' lang='lat' dir='ltr'><strong>referre</strong></span> <span class='ocrx_word' id='word_1_409' title='bbox 468 3563 611 3644; x_wconf 90' lang='lat' dir='ltr'><strong>speciem</strong></span> <span class='ocrx_word' id='word_1_410' title='bbox 632 3573 665 3626; x_wconf 90' lang='lat' dir='ltr'><strong>et</strong></span> <span class='ocrx_word' id='word_1_411' title='bbox 687 3564 808 3626; x_wconf 87' lang='lat' dir='ltr'><strong>inferre</strong></span> <span class='ocrx_word' id='word_1_412' title='bbox 837 3566 1017 3642; x_wconf 69' lang='lat' dir='ltr'><strong>notionem,</strong></span> <span class='ocrx_word' id='word_1_413' title='bbox 1053 3564 1321 3646; x_wconf 84' lang='lat' dir='ltr'><strong>quemadmodum</strong></span> <span class='ocrx_word' id='word_1_414' title='bbox 1345 3569 1417 3631; x_wconf 91' lang='lat' dir='ltr'><strong>aliis</strong></span> <span class='ocrx_word' id='word_1_415' title='bbox 1439 3568 1537 3639; x_wconf 81' lang='lat' dir='ltr'><strong>etiam</strong></span> <span class='ocrx_word' id='word_1_416' title='bbox 1560 3571 1689 3649; x_wconf 89' lang='lat' dir='ltr'><strong>populis</strong></span> <span class='ocrx_word' id='word_1_417' title='bbox 1710 3564 1825 3649; x_wconf 82' lang='lat' dir='ltr'><strong>visum¹</strong></span> 
     </span>
     <span class='ocr_line' id='line_1_37' title="bbox 205 3647 1804 3738; baseline 0.002 -24"><span class='ocrx_word' id='word_1_418' title='bbox 205 3658 277 3733; x_wconf 80' lang='lat' dir='ltr'><strong>est,</strong></span> <span class='ocrx_word' id='word_1_419' title='bbox 304 3660 342 3715; x_wconf 86' lang='lat' dir='ltr'><strong>ut</strong></span> <span class='ocrx_word' id='word_1_420' title='bbox 370 3651 546 3732; x_wconf 82' lang='lat' dir='ltr'><strong>Romanis,</strong></span> <span class='ocrx_word' id='word_1_421' title='bbox 578 3668 711 3733; x_wconf 89' lang='lat' dir='ltr'><strong>quorum</strong></span> <span class='ocrx_word' id='word_1_422' title='bbox 742 3650 862 3712; x_wconf 78' lang='lat' dir='ltr'><strong>flamini</strong></span> <span class='ocrx_word' id='word_1_423' title='bbox 890 3647 965 3711; x_wconf 92' lang='lat' dir='ltr'><strong>diali</strong></span> <span class='ocrx_word' id='word_1_424' title='bbox 994 3650 1223 3714; x_wconf 85' lang='lat' dir='ltr'><strong>fermentatum</strong></span> <span class='ocrx_word' id='word_1_425' title='bbox 1246 3654 1410 3738; x_wconf 83' lang='lat' dir='ltr'><strong>attingere</strong></span> <span class='ocrx_word' id='word_1_426' title='bbox 1432 3648 1683 3737; x_wconf 65' lang='lat' dir='ltr'><strong>nelas&#39;eratffl).</strong></span> <span class='ocrx_word' id='word_1_427' title='bbox 1746 3668 1749 3673; x_wconf 84' lang='lat'>&#39;</span> <span class='ocrx_word' id='word_1_428' title='bbox 1779 3648 1804 3669; x_wconf 72' lang='grc'><strong>“’</strong></span> 
     </span>
    </p>
   </div>
   <div class='ocr_carea' id='block_1_3' title="bbox 206 3862 1923 4515">
    <p class='ocr_par' dir='ltr' id='par_1_3' title="bbox 206 3862 1923 4515">
     <span class='ocr_line' id='line_1_38' title="bbox 217 3862 1923 3947; baseline 0.008 -24"><span class='ocrx_word' id='word_1_429' title='bbox 217 3888 235 3897; x_wconf 79' lang='grc'><strong>’·</strong></span> <span class='ocrx_word' id='word_1_430' title='bbox 275 3870 323 3938; x_wconf 70' lang='grc'><strong>86)</strong></span> <span class='ocrx_word' id='word_1_431' title='bbox 340 3872 476 3924; x_wconf 78' lang='lat' dir='ltr'><strong>caeterae</strong></span> <span class='ocrx_word' id='word_1_432' title='bbox 493 3874 564 3924; x_wconf 80' lang='lat' dir='ltr'><strong>enirn</strong></span> <span class='ocrx_word' id='word_1_433' title='bbox 582 3872 737 3924; x_wconf 81' lang='lat' dir='ltr'><strong>oblationes</strong></span> <span class='ocrx_word' id='word_1_434' title='bbox 762 3884 860 3923; x_wconf 85' lang='lat' dir='ltr'><strong>sacrae</strong></span> <span class='ocrx_word' id='word_1_435' title='bbox 878 3874 925 3922; x_wconf 81' lang='lat' dir='ltr'><strong>vel</strong></span> <span class='ocrx_word' id='word_1_436' title='bbox 942 3870 1140 3941; x_wconf 59' lang='lat' dir='ltr'><strong>sacrificiorum</strong></span> <span class='ocrx_word' id='word_1_437' title='bbox 1157 3876 1298 3938; x_wconf 84' lang='lat' dir='ltr'><strong>portiones</strong></span> <span class='ocrx_word' id='word_1_438' title='bbox 1315 3890 1385 3939; x_wconf 89' lang='lat' dir='ltr'><strong>quae</strong></span> <span class='ocrx_word' id='word_1_439' title='bbox 1408 3878 1478 3941; x_wconf 85' lang='lat' dir='ltr'><strong>ipsis</strong></span> <span class='ocrx_word' id='word_1_440' title='bbox 1495 3870 1641 3947; x_wconf 81' lang='lat' dir='ltr'><strong>cedebant,</strong></span> <span class='ocrx_word' id='word_1_441' title='bbox 1668 3862 1820 3935; x_wconf 49' lang='lat' dir='ltr'><strong>reneto&#39;e</strong></span> <span class='ocrx_word' id='word_1_442' title='bbox 1918 3904 1923 3911; x_wconf 68' lang='lat'>¹</span> 
     </span>
     <span class='ocr_line' id='line_1_39' title="bbox 206 3942 1825 4029; baseline 0.005 -34"><span class='ocrx_word' id='word_1_443' title='bbox 206 3952 285 4001; x_wconf 76' lang='lat' dir='ltr'><strong>aaut</strong></span> <span class='ocrx_word' id='word_1_444' title='bbox 305 3943 415 3993; x_wconf 85' lang='lat' dir='ltr'><strong>nornine</strong></span> <span class='ocrx_word' id='word_1_445' title='bbox 439 3944 587 3993; x_wconf 80' lang='lat' dir='ltr'><strong>venientes</strong></span> <span class='ocrx_word' id='word_1_446' title='bbox 616 3942 749 4028; x_wconf 56' lang='lat' dir='ltr'><strong>(pepp-pp</strong></span> <span class='ocrx_word' id='word_1_447' title='bbox 770 3943 815 3991; x_wconf 86' lang='lat' dir='ltr'><strong>vel</strong></span> <span class='ocrx_word' id='word_1_448' title='bbox 828 3944 958 4029; x_wconf 68' lang='lat' dir='ltr'><strong>.n¹rt:a··trq</strong></span> <span class='ocrx_word' id='word_1_449' title='bbox 985 3946 1188 4023; x_wconf 60' lang='lat' dir='ltr'><strong>weram-qen</strong></span> <span class='ocrx_word' id='word_1_450' title='bbox 1211 3944 1349 4026; x_wconf 60' lang='lat' dir='ltr'><strong>hamran]</strong></span> <span class='ocrx_word' id='word_1_451' title='bbox 1367 3972 1403 3985; x_wconf 86' lang='lat'><strong>-·</strong></span> <span class='ocrx_word' id='word_1_452' title='bbox 1424 3950 1456 3998; x_wconf 89' lang='lat' dir='ltr'><strong>ut</strong></span> <span class='ocrx_word' id='word_1_453' title='bbox 1473 3949 1651 4012; x_wconf 76' lang='lat' dir='ltr'><strong>pacificorum</strong></span> <span class='ocrx_word' id='word_1_454' title='bbox 1668 3946 1771 4014; x_wconf 71' lang='lat' dir='ltr'><strong>pectas</strong></span> <span class='ocrx_word' id='word_1_455' title='bbox 1790 3950 1825 4003; x_wconf 75' lang='lat' dir='ltr'><strong>ot·</strong></span> 
     </span>
     <span class='ocr_line' id='line_1_40' title="bbox 206 4026 1827 4099; baseline 0.005 -18"><span class='ocrx_word' id='word_1_456' title='bbox 206 4040 304 4097; x_wconf 72' lang='lat' dir='ltr'><strong>armna</strong></span> <span class='ocrx_word' id='word_1_457' title='bbox 321 4026 429 4089; x_wconf 83' lang='lat' dir='ltr'><strong>dexter,</strong></span> <span class='ocrx_word' id='word_1_458' title='bbox 447 4040 530 4091; x_wconf 93' lang='lat' dir='ltr'><strong>porro</strong></span> <span class='ocrx_word' id='word_1_459' title='bbox 549 4028 695 4095; x_wconf 81' lang='lat' dir='ltr'><strong>primitiae,</strong></span> <span class='ocrx_word' id='word_1_460' title='bbox 713 4026 907 4093; x_wconf 77' lang='lat' dir='ltr'><strong>primogenita,</strong></span> <span class='ocrx_word' id='word_1_461' title='bbox 929 4028 1045 4093; x_wconf 85' lang='lat' dir='ltr'><strong>devota,</strong></span> <span class='ocrx_word' id='word_1_462' title='bbox 1068 4028 1189 4079; x_wconf 79' lang='lat' dir='ltr'><strong>decimae</strong></span> <span class='ocrx_word' id='word_1_463' title='bbox 1211 4054 1262 4095; x_wconf 86' lang='lat'><strong>-,</strong></span> <span class='ocrx_word' id='word_1_464' title='bbox 1280 4032 1368 4083; x_wconf 86' lang='lat' dir='ltr'><strong>minus</strong></span> <span class='ocrx_word' id='word_1_465' title='bbox 1386 4034 1520 4085; x_wconf 72' lang='lat' dir='ltr'><strong>adstricta</strong></span> <span class='ocrx_word' id='word_1_466' title='bbox 1538 4034 1675 4099; x_wconf 77' lang='lat' dir='ltr'><strong>religiono</strong></span> <span class='ocrx_word' id='word_1_467' title='bbox 1691 4036 1827 4089; x_wconf 62' lang='lat' dir='ltr'><strong>nouom</strong></span> 
     </span>
     <span class='ocr_line' id='line_1_41' title="bbox 207 4094 1821 4167; baseline 0.006 -19"><span class='ocrx_word' id='word_1_468' title='bbox 207 4097 299 4162; x_wconf 86' lang='lat' dir='ltr'><strong>erant,</strong></span> <span class='ocrx_word' id='word_1_469' title='bbox 315 4095 356 4145; x_wconf 85' lang='lat' dir='ltr'><strong>ita</strong></span> <span class='ocrx_word' id='word_1_470' title='bbox 371 4097 403 4145; x_wconf 87' lang='lat' dir='ltr'><strong>ut</strong></span> <span class='ocrx_word' id='word_1_471' title='bbox 420 4098 454 4146; x_wconf 86' lang='lat' dir='ltr'><strong>ad</strong></span> <span class='ocrx_word' id='word_1_472' title='bbox 471 4097 630 4147; x_wconf 83' lang='lat' dir='ltr'><strong>universam</strong></span> <span class='ocrx_word' id='word_1_473' title='bbox 647 4095 819 4146; x_wconf 81' lang='lat' dir='ltr'><strong>sacerdotum</strong></span> <span class='ocrx_word' id='word_1_474' title='bbox 836 4094 977 4163; x_wconf 76' lang='lat' dir='ltr'><strong>familiam,</strong></span> <span class='ocrx_word' id='word_1_475' title='bbox 994 4097 1068 4147; x_wconf 76' lang='lat' dir='ltr'><strong>litias</strong></span> <span class='ocrx_word' id='word_1_476' title='bbox 1078 4096 1160 4147; x_wconf 87' lang='lat' dir='ltr'><strong>etiam</strong></span> <span class='ocrx_word' id='word_1_477' title='bbox 1174 4099 1321 4165; x_wconf 79' lang='lat' dir='ltr'><strong>etseruos,</strong></span> <span class='ocrx_word' id='word_1_478' title='bbox 1339 4103 1522 4167; x_wconf 85' lang='lat' dir='ltr'><strong>pertinerent,</strong></span> <span class='ocrx_word' id='word_1_479' title='bbox 1540 4103 1683 4159; x_wconf 80' lang='lat' dir='ltr'><strong>dummodo</strong></span> <span class='ocrx_word' id='word_1_480' title='bbox 1698 4104 1821 4165; x_wconf 71' lang='lat' dir='ltr'><strong>nundi</strong></span> 
     </span>
     <span class='ocr_line' id='line_1_42' title="bbox 207 4165 1830 4236; baseline 0.006 -20"><span class='ocrx_word' id='word_1_481' title='bbox 207 4167 304 4216; x_wconf 77' lang='lat' dir='ltr'><strong>essent</strong></span> <span class='ocrx_word' id='word_1_482' title='bbox 321 4165 367 4214; x_wconf 82' lang='lat' dir='ltr'><strong>rel</strong></span> <span class='ocrx_word' id='word_1_483' title='bbox 388 4167 422 4216; x_wconf 85' lang='lat' dir='ltr'><strong>ab</strong></span> <span class='ocrx_word' id='word_1_484' title='bbox 438 4166 606 4216; x_wconf 84' lang='lat' dir='ltr'><strong>immunditie</strong></span> <span class='ocrx_word' id='word_1_485' title='bbox 622 4165 745 4229; x_wconf 84' lang='lat' dir='ltr'><strong>lustrati,</strong></span> <span class='ocrx_word' id='word_1_486' title='bbox 764 4166 792 4214; x_wconf 88' lang='lat' dir='ltr'><strong>et</strong></span> <span class='ocrx_word' id='word_1_487' title='bbox 810 4165 839 4214; x_wconf 86' lang='lat' dir='ltr'><strong>in</strong></span> <span class='ocrx_word' id='word_1_488' title='bbox 856 4166 935 4215; x_wconf 81' lang='lat' dir='ltr'><strong>ioco</strong></span> <span class='ocrx_word' id='word_1_489' title='bbox 953 4166 1077 4215; x_wconf 81' lang='lat' dir='ltr'><strong>mundo</strong></span> <span class='ocrx_word' id='word_1_490' title='bbox 1098 4168 1169 4224; x_wconf 87' lang='lat' dir='ltr'><strong>(noa</strong></span> <span class='ocrx_word' id='word_1_491' title='bbox 1187 4166 1298 4233; x_wconf 79' lang='lat' dir='ltr'><strong>saneto)</strong></span> <span class='ocrx_word' id='word_1_492' title='bbox 1323 4168 1360 4218; x_wconf 84' lang='lat' dir='ltr'><strong>iis</strong></span> <span class='ocrx_word' id='word_1_493' title='bbox 1379 4172 1554 4236; x_wconf 76' lang='lat' dir='ltr'><strong>fruerentur,</strong></span> <span class='ocrx_word' id='word_1_494' title='bbox 1573 4170 1694 4223; x_wconf 73' lang='lat' dir='ltr'><strong>exornate</strong></span> <span class='ocrx_word' id='word_1_495' title='bbox 1710 4170 1830 4225; x_wconf 68' lang='lat' dir='ltr'><strong>tantun·</strong></span> 
     </span>
     <span class='ocr_line' id='line_1_43' title="bbox 207 4233 1821 4307; baseline 0.005 -22"><span class='ocrx_word' id='word_1_496' title='bbox 207 4234 316 4299; x_wconf 68' lang='lat' dir='ltr'><strong>alienis,</strong></span> <span class='ocrx_word' id='word_1_497' title='bbox 343 4234 459 4283; x_wconf 85' lang='lat' dir='ltr'><strong>advenis</strong></span> <span class='ocrx_word' id='word_1_498' title='bbox 479 4236 525 4283; x_wconf 84' lang='lat' dir='ltr'><strong>vel</strong></span> <span class='ocrx_word' id='word_1_499' title='bbox 543 4234 745 4299; x_wconf 82' lang='lat' dir='ltr'><strong>mercenariis,</strong></span> <span class='ocrx_word' id='word_1_500' title='bbox 761 4234 829 4285; x_wconf 76' lang='lat' dir='ltr'><strong>her.</strong></span> <span class='ocrx_word' id='word_1_501' title='bbox 849 4234 892 4297; x_wconf 69' lang='grc' dir='ltr'><strong>1ο,</strong></span> <span class='ocrx_word' id='word_1_502' title='bbox 911 4236 947 4283; x_wconf 76' lang='grc'><strong>14</strong></span> <span class='ocrx_word' id='word_1_503' title='bbox 961 4246 1037 4297; x_wconf 80' lang='lat' dir='ltr'><strong>seqq.</strong></span> <span class='ocrx_word' id='word_1_504' title='bbox 1054 4233 1099 4298; x_wconf 74' lang='lat'><strong>22,</strong></span> <span class='ocrx_word' id='word_1_505' title='bbox 1116 4236 1135 4285; x_wconf 76' lang='grc'><strong>2</strong></span> <span class='ocrx_word' id='word_1_506' title='bbox 1151 4248 1211 4298; x_wconf 78' lang='lat' dir='ltr'><strong>seq·</strong></span> <span class='ocrx_word' id='word_1_507' title='bbox 1227 4238 1306 4290; x_wconf 78' lang='lat' dir='ltr'><strong>Num.</strong></span> <span class='ocrx_word' id='word_1_508' title='bbox 1326 4239 1369 4303; x_wconf 80' lang='lat' dir='ltr'><strong>ts,</strong></span> <span class='ocrx_word' id='word_1_509' title='bbox 1387 4242 1416 4289; x_wconf 92' lang='grc'><strong>11</strong></span> <span class='ocrx_word' id='word_1_510' title='bbox 1437 4238 1513 4302; x_wconf 77' lang='lat' dir='ltr'><strong>seqq.</strong></span> <span class='ocrx_word' id='word_1_511' title='bbox 1535 4240 1595 4307; x_wconf 86' lang='lat' dir='ltr'><strong>-(in</strong></span> <span class='ocrx_word' id='word_1_512' title='bbox 1619 4242 1718 4304; x_wconf 77' lang='lat' dir='ltr'><strong>quitus</strong></span> <span class='ocrx_word' id='word_1_513' title='bbox 1731 4242 1821 4293; x_wconf 77' lang='lat' dir='ltr'><strong>deol-</strong></span> 
     </span>
     <span class='ocr_line' id='line_1_44' title="bbox 206 4300 1830 4375; baseline 0.004 -21"><span class='ocrx_word' id='word_1_514' title='bbox 206 4300 268 4354; x_wconf 67' lang='lat' dir='ltr'><strong>nta</strong></span> <span class='ocrx_word' id='word_1_515' title='bbox 287 4302 458 4364; x_wconf 80' lang='lat' dir='ltr'><strong>heritarum,</strong></span> <span class='ocrx_word' id='word_1_516' title='bbox 477 4302 575 4365; x_wconf 88' lang='lat' dir='ltr'><strong>quippe</strong></span> <span class='ocrx_word' id='word_1_517' title='bbox 592 4317 642 4365; x_wconf 89' lang='lat' dir='ltr'><strong>pro</strong></span> <span class='ocrx_word' id='word_1_518' title='bbox 667 4302 801 4364; x_wconf 78' lang='lat' dir='ltr'><strong>stipendio</strong></span> <span class='ocrx_word' id='word_1_519' title='bbox 829 4300 896 4363; x_wconf 86' lang='lat' dir='ltr'><strong>ipsis</strong></span> <span class='ocrx_word' id='word_1_520' title='bbox 918 4302 1051 4369; x_wconf 87' lang='lat' dir='ltr'><strong>tributae,</strong></span> <span class='ocrx_word' id='word_1_521' title='bbox 1081 4309 1262 4363; x_wconf 89' lang='lat' dir='ltr'><strong>proventuum</strong></span> <span class='ocrx_word' id='word_1_522' title='bbox 1286 4309 1379 4357; x_wconf 88' lang='lat' dir='ltr'><strong>tarrae</strong></span> <span class='ocrx_word' id='word_1_523' title='bbox 1400 4310 1490 4359; x_wconf 85' lang='lat' dir='ltr'><strong>instar</strong></span> <span class='ocrx_word' id='word_1_524' title='bbox 1515 4311 1672 4375; x_wconf 76' lang='lat' dir='ltr'><strong>habendae,</strong></span> <span class='ocrx_word' id='word_1_525' title='bbox 1744 4310 1830 4365; x_wconf 74' lang='lat' dir='ltr'><strong>niu.</strong></span> 
     </span>
     <span class='ocr_line' id='line_1_45' title="bbox 207 4369 1828 4441; baseline 0.007 -20"><span class='ocrx_word' id='word_1_526' title='bbox 207 4372 359 4436; x_wconf 68' lang='lat' dir='ltr'><strong>,iquoris</strong></span> <span class='ocrx_word' id='word_1_527' title='bbox 377 4369 483 4422; x_wconf 80' lang='lat' dir='ltr'><strong>loco‘⁴</strong></span> <span class='ocrx_word' id='word_1_528' title='bbox 500 4372 606 4421; x_wconf 82' lang='lat' dir='ltr'><strong>comedi</strong></span> <span class='ocrx_word' id='word_1_529' title='bbox 623 4373 751 4434; x_wconf 84' lang='lat' dir='ltr'><strong>poterant</strong></span> <span class='ocrx_word' id='word_1_530' title='bbox 769 4384 804 4420; x_wconf 85' lang='lat' dir='ltr'><strong>ex</strong></span> <span class='ocrx_word' id='word_1_531' title='bbox 820 4372 899 4421; x_wconf 73' lang='lat' dir='ltr'><strong>Naro.</strong></span> <span class='ocrx_word' id='word_1_532' title='bbox 918 4370 960 4435; x_wconf 80' lang='lat' dir='ltr'><strong>ts,</strong></span> <span class='ocrx_word' id='word_1_533' title='bbox 977 4370 1028 4436; x_wconf 77' lang='grc'><strong>31,</strong></span> <span class='ocrx_word' id='word_1_534' title='bbox 1054 4372 1099 4420; x_wconf 86' lang='lat' dir='ltr'><strong>vat</strong></span> <span class='ocrx_word' id='word_1_535' title='bbox 1117 4372 1322 4425; x_wconf 84' lang='lat' dir='ltr'><strong>mlrrore&#39;ettam</strong></span> <span class='ocrx_word' id='word_1_536' title='bbox 1340 4374 1475 4441; x_wconf 78' lang='lat' dir='ltr'><strong>religione</strong></span> <span class='ocrx_word' id='word_1_537' title='bbox 1493 4382 1542 4427; x_wconf 83' lang='lat' dir='ltr'><strong>aut</strong></span> <span class='ocrx_word' id='word_1_538' title='bbox 1560 4380 1634 4429; x_wconf 78' lang='lat' dir='ltr'><strong>nulla</strong></span> <span class='ocrx_word' id='word_1_539' title='bbox 1651 4380 1693 4430; x_wconf 86' lang='lat' dir='ltr'><strong>uti</strong></span> <span class='ocrx_word' id='word_1_540' title='bbox 1715 4372 1828 4432; x_wconf 64' lang='lat' dir='ltr'><strong>&#39;vitlenss&#39;</strong></span> 
     </span>
     <span class='ocr_line' id='line_1_46' title="bbox 206 4437 1832 4515; baseline 0.006 -27"><span class='ocrx_word' id='word_1_541' title='bbox 206 4438 280 4515; x_wconf 68' lang='lat' dir='ltr'><strong>tar).-</strong></span> <span class='ocrx_word' id='word_1_542' title='bbox 312 4440 400 4491; x_wconf 79' lang='lat' dir='ltr'><strong>Vides</strong></span> <span class='ocrx_word' id='word_1_543' title='bbox 416 4441 502 4505; x_wconf 85' lang='lat' dir='ltr'><strong>igitur</strong></span> <span class='ocrx_word' id='word_1_544' title='bbox 519 4441 676 4492; x_wconf 70' lang='lat' dir='ltr'><strong>canonialis</strong></span> <span class='ocrx_word' id='word_1_545' title='bbox 691 4437 810 4507; x_wconf 74' lang='lat' dir='ltr'><strong>graduis,</strong></span> <span class='ocrx_word' id='word_1_546' title='bbox 824 4450 928 4503; x_wconf 58' lang='lat' dir='ltr'><strong>myas</strong></span> <span class='ocrx_word' id='word_1_547' title='bbox 943 4438 1058 4497; x_wconf 77' lang='lat' dir='ltr'><strong>versia</strong></span> <span class='ocrx_word' id='word_1_548' title='bbox 1071 4454 1182 4492; x_wconf 79' lang='lat' dir='ltr'><strong>summo</strong></span> <span class='ocrx_word' id='word_1_549' title='bbox 1199 4445 1360 4499; x_wconf 73' lang='lat' dir='ltr'><strong>constituta.</strong></span> <span class='ocrx_word' id='word_1_550' title='bbox 1447 4486 1466 4495; x_wconf 95' lang='lat'><strong>..</strong></span> <span class='ocrx_word' id='word_1_551' title='bbox 1518 4484 1523 4493; x_wconf 89' lang='lat'><strong>.</strong></span> <span class='ocrx_word' id='word_1_552' title='bbox 1579 4478 1582 4483; x_wconf 93' lang='lat'>-</span> <span class='ocrx_word' id='word_1_553' title='bbox 1610 4472 1613 4477; x_wconf 95' lang='lat'>·</span> <span class='ocrx_word' id='word_1_554' title='bbox 1762 4462 1765 4469; x_wconf 94' lang='lat'>·</span> <span class='ocrx_word' id='word_1_555' title='bbox 1803 4456 1832 4515; x_wconf 70' lang='lat' dir='ltr'><strong>*q</strong></span> 
     </span>
    </p>
   </div>
   <div class='ocr_carea' id='block_1_4' title="bbox 275 4537 1832 4615">
    <p class='ocr_par' dir='ltr' id='par_1_4' title="bbox 218 4537 1832 4615">
     <span class='ocr_line' id='line_1_47' title="bbox 275 4537 1832 4615; baseline 0.003 -20.823"><span class='ocrx_word' id='word_1_556' title='bbox 275 4542 425 4607; x_wconf 63' lang='lat' dir='ltr'><strong>maesta</strong></span> <span class='ocrx_word' id='word_1_557' title='bbox 441 4545 535 4597; x_wconf 74' lang='lat' dir='ltr'><strong>cento</strong></span> <span class='ocrx_word' id='word_1_558' title='bbox 551 4546 625 4611; x_wconf 85' lang='lat' dir='ltr'><strong>noct.</strong></span> <span class='ocrx_word' id='word_1_559' title='bbox 641 4544 756 4609; x_wconf 62' lang='grc' dir='ltr'><strong>ΑΜ,</strong></span> <span class='ocrx_word' id='word_1_560' title='bbox 776 4543 817 4607; x_wconf 73' lang='lat' dir='ltr'><strong>tp.</strong></span> <span class='ocrx_word' id='word_1_561' title='bbox 836 4543 876 4595; x_wconf 74' lang='grc'><strong>11.</strong></span> <span class='ocrx_word' id='word_1_562' title='bbox 911 4537 998 4608; x_wconf 74' lang='lat' dir='ltr'><strong>Gaias</strong></span> <span class='ocrx_word' id='word_1_563' title='bbox 1014 4539 1082 4603; x_wconf 71' lang='lat' dir='ltr'><strong>aris</strong></span> <span class='ocrx_word' id='word_1_564' title='bbox 1101 4545 1236 4599; x_wconf 72' lang='lat' dir='ltr'><strong>rationo·</strong></span> <span class='ocrx_word' id='word_1_565' title='bbox 1252 4549 1402 4612; x_wconf 75' lang='lat' dir='ltr'><strong>exquirens</strong></span> <span class='ocrx_word' id='word_1_566' title='bbox 1421 4540 1832 4615; x_wconf 61' lang='lat' dir='ltr'><strong>memorationem-ntea</strong></span> 
     </span>
    </p>
   </div>
   <div class='ocr_carea' id='block_1_5' title="bbox 0 0 1952 5274">
    <p class='ocr_par' dir='ltr' id='par_1_5' title="bbox 0 0 1952 5274">
     <span class='ocr_line' id='line_1_48' title="bbox 0 0 1952 5274; baseline 0 1"><span class='ocrx_word' id='word_1_567' title='bbox 0 0 1952 5274; x_wconf 95' lang='lat' dir='ltr'><strong> </strong></span> 
     </span>
    </p>
   </div>
  </div>
 </body>
</html>
