3894 5274
1045 299 1066 380 1

353 541 448 604 Haeo
468 541 552 603 satis
579 538 660 600 mira
689 545 724 603 et
743 554 764 597 a
790 540 932 601 eaeteris
953 537 1182 620 discrepantia.
1225 539 1368 601 Primum
1396 536 1458 598 hoe
1490 535 1603 597 mirum
1631 529 1768 594 offendit
1794 527 1883 612 qnod

272 643 325 704 lex
346 651 421 723 post
436 638 615 720 exordium,
636 637 721 719 quod
743 641 883 701 eaeteris
905 642 1004 704 etiam
1026 640 1123 704 festis
1144 657 1249 722 usque
1269 641 1485 721 praemissum
1506 637 1651 699 oernitnr
1671 637 1735 714 „et
1754 629 1882 696 bomne

271 741 404 808 euitat
425 743 470 806 od
490 739 643 806 Muteno
665 749 745 823 ete,
766 759 887 804 novum
903 741 1001 805 addat
1013 743 1197 806 introitum:
1219 741 1271 824 „ei
1291 737 1451 805 1111111111
1470 737 1650 802 iro-terram
1670 751 1770 819 quom
1790 731 1881 797 nobis

271 841 353 927 dabo
386 849 418 908 et
456 841 585 908 metetis
613 859 750 904 messem
791 839 909 925 ejue“,
950 845 1035 926 quod
1061 846 1137 909 alibi
1174 862 1255 908 sane
1290 845 1373 906 satis
1406 842 1648 923 frequentatum
1683 836 1741 917 (ut
1773 836 1827 916 25,
1847 836 1879 898 2

273 947 323 1027 14,
334 945 386 1009 34.
415 947 477 1008 Ex.
500 943 622 1024 1115.
650 944 748 1006 Num.
772 944 822 1021 15,
843 946 873 1008 2.
898 946 939 1009 18
959 949 1061 1030 ete),
1082 948 1123 1009 ab
1144 948 1243 1029 hujus
1265 947 1380 1027 eapitis
1400 946 1526 1007 ratione
1547 942 1709 1004 abhorret.
1751 938 1879 1001 Deinde

271 1049 357 1128 quod
397 1059 528 1129 tempus
563 1047 773 1127 primitiarum
813 1048 976 1128 manipulo
1015 1047 1180 1112 offerendo
1223 1048 1395 1111 deliniatur
1433 1041 1621 1126 „postridie
1651 1037 1878 1103 eobbotbi“

272 1153 383 1231 (namu
400 1149 554 1240 upuppae),
575 1147 670 1229 eujus
692 1149 780 1211 nulla
799 1152 981 1229 praeeessit
1002 1152 1132 1214 montio.
1176 1151 1346 1230 Quodnam
1359 1159 1409 1211 est
1424 1146 1513 1210 istud
1533 1138 1768 1208 molebant.
1795 1142 1884 1204 Sta·

271 1261 404 1315 tuerunt
425 1251 552 1332 quidem
572 1252 774 1332 interpretes
795 1285 837 1297 -
858 1251 955 1332 idque
983 1272 1045 1316 usu
1066 1256 1164 1315 etiam
1186 1265 1252 1317 um
1273 1251 1472 1317 Judaeorum
1502 1267 1598 1331 quam
1619 1245 1890 1334 Christianorum,

271 1363 438 1433 reoeptum
460 1353 607 1415 -idem
629 1352 708 1415 illud
730 1371 807 1414 esse
829 1353 915 1435 quod
936 1357 1012 1419 a?
1040 1356 1167 1434 primo
1187 1373 1420 1438 azymorum
1443 1351 1509 1413 die
1530 1348 1754 1412 celebrandum
1778 1366 1877 1428 prae·

271 1458 405 1537 cipitur:
428 1464 464 1517 ut
487 1454 701 1536 „postridie“
722 1453 795 1535 ejus
822 1457 1022 1539 intelligatur
1044 1475 1120 1520 esse
1150 1457 1212 1519 16ιο
1234 1458 1357 1519 mensis
1386 1455 1447 1517 die.
1492 1452 1560 1515 Sed
1580 1462 1705 1514 temere
1726 1468 1877 1530 prorsus:

271 1557 383 1620 eodem
406 1561 545 1620 enimet
568 1557 682 1638 majori
699 1558 774 1637 J'ure
796 1558 932 1620 alterum
960 1560 1126 1638 septimi
1157 1558 1220 1620 diei
1246 1556 1439 1622 sabbathum
1467 1553 1713 1637 intelligendum
1735 1561 1876 1614 statuae

271 1659 364 1739 Quod
394 1660 450 1721 vel
475 1679 614 1722 neeesse
641 1675 717 1720 esse
747 1657 892 1722 videtur:
929 1660 1186 1742 quandoquidem
1215 1661 1245 1722 si
1270 1661 1406 1741 primum
1436 1659 1609 1736 statuitur,
1637 1665 1670 1718 et
1698 1655 1820 1717 messis
1846 1655 1879 1715 in

270 1763 348 1824 festi
371 1772 502 1843 tempus
523 1761 664 1837 incidet,
687 1772 721 1821 et
742 1762 885 1824 recentis
907 1762 1060 1825 frumenti
1081 1773 1137 1826 aut
1159 1764 1254 1844 panis
1275 1779 1368 1841 usus,
1390 1779 1422 1820 v.
1446 1761 1487 1822 14
1508 1767 1586 1821 ante
1607 1757 1681 1839 ejus
1703 1757 1767 1820 diei
1787 1756 1878 1817 obla·

270 1866 390 1925 tionem
412 1864 606 1945 prohibitus,
627 1880 707 1943 ergo
728 1864 769 1924 ab
791 1864 854 1925 hae
873 1864 950 1925 inde
971 1883 1169 1944 conoessus,
1192 1874 1316 1947 pugnat
1336 1881 1411 1927 eum
1433 1878 1620 1944 azymorum
1642 1862 1728 1943 lege,
1749 1877 1816 1940 qua
1836 1877 1878 1920 ex

270 1966 418 2047 frugibus
449 1965 529 2026 nihil
561 1965 625 2028 oibi
660 1966 725 2025 nisi
757 1983 876 2047 azyma
903 1966 1027 2029 comedi
1057 1968 1110 2031 fas
1138 1965 1237 2046 estl).
1279 1965 1348 2028 Sed
1381 1983 1444 2028 neo
1472 1964 1535 2027 hoe
1566 1965 1684 2045 liquet:
1717 1960 1878 2042 siquidem

269 2066 474 2148 ‚,sabbathi“
488 2067 592 2146 (naut)
615 2069 808 2130 vocabulum
831 2067 872 2130 de
894 2067 996 2132 festi
1020 2070 1135 2167 diebus
1156 2070 1311 2130 eonoione
1334 2080 1430 2130 saera
1451 2078 1486 2129 et
1507 2066 1617 2147 operis
1638 2066 1877 2127 intermissione

270 2169 433 2232 distinctis
454 2168 517 2231 hoe
537 2170 645 2248 eapite
672 2187 736 2239 non
765 2169 895 2232 sobtum
923 2170 1004 2250 [nisi
1034 2171 1117 2253 forte
1138 2190 1171 2231 v.
1192 2169 1310 2233 391111
1332 2171 1456 2254 penno).
1500 2167 1608 2246 Quare
1635 2167 1706 2229 hoo'
1726 2166 1878 2248 „sabba-

269 2271 388 2334 thum“
410 2287 474 2332 non
495 2287 538 2332 ex
557 2271 768 2349 praecedenti
790 2272 861 2335 loeo
885 2273 944 2334 sed
967 2292 1009 2334 ex
1030 2275 1104 2351 ipsa
1125 2273 1235 2353 potius
1256 2292 1292 2333 re
1309 2270 1528 2334 deliniendum
1549 2268 1696 2349 videtur,
1717 2270 1787 2331 soil.
1809 2269 1879 2348 pri·

268 2391 392 2436 marum
414 2374 577 2453 spicarum
599 2371 770 2436 oblatione.
813 2373 906 2452 Quae
930 2392 1003 2436 oum
1022 2375 1054 2434 in
1075 2375 1181 2455 ipsum
1203 2375 1357 2437 messis
1378 2374 1543 2436 initium
1563 2371 1719 2434 incidisse
1733 2369 1879 2452 putanda

269 2475 369 2556 sit⁶):
396 2475 589 2539 sabbathum
611 2474 688 2538 illud
711 2473 813 2555 pridie
834 2475 906 2556 ejus
928 2474 992 2536 diei
1014 2485 1123 2538 aetum
1143 2495 1284 2539 messem
1308 2477 1489 2557 praeivisse
1511 2484 1546 2537 et
1566 2476 1660 2554 quasi
1677 2474 1878 2554 praelusisse

267 2586 369 2656 patet.
412 2577 484 2656 Qua
505 2594 586 2640 vero
607 2578 685 2638 anni
705 2586 852 2658 tempore
874 2587 909 2638 et
930 2587 1048 2656 puneto
1069 2578 1151 2641 haee
1172 2579 1322 2660 ponenda
1349 2580 1409 2658 sit,
1440 2579 1503 2639 hoo
1528 2575 1658 2639 aliunde
1687 2578 1749 2638 erit
1776 2593 1876 2656 rope·

269 2679 412 2741 tendum.
434 2713 475 2724 -
515 2677 689 2741 Aooedunt
715 2679 778 2741 alia
805 2681 846 2741 ab
874 2675 973 2759 hujus
994 2681 1110 2760 eapitis
1137 2683 1262 2743 ratione
1290 2680 1521 2761 discrepantia.¹
1568 2678 1712 2740 Primum
1742 2677 1877 2740 forma

267 2781 332 2843 looi
351 2798 486 2862 prorsus
506 2782 704 2861 abhorrens,
723 2781 825 2843 multo
846 2782 967 2862 quippe
986 2783 1128 2845 caeteris
1144 2783 1321 2865 copiosior,
1341 2782 1460 2846 additis
1474 2782 1670 2862 praesertim
1690 2782 1877 2863 praeceptis

269 2881 309 2944 de
332 2883 528 2947 oblationum
552 2894 587 2946 et
606 2882 838 2946 sacrificiorum
855 2900 976 2966 genere
1002 2894 1037 2947 et
1057 2885 1121 2946 ritu
1144 2884 1349 2947 observando
1371 2903 1456 2967 quae
1477 2885 1518 2946 ab
1542 2884 1605 2946 hoe
1625 2883 1734 2965 eapite
1753 2883 1877 2946 absunt

267 2983 356 3068 (soil.
377 2985 476 3048 Num.
504 3005 596 3069 capp.
618 2986 671 3049 98.
692 2985 735 3049 99
757 2991 952 3067 reservata).
1016 2988 1130 3068 llaque
1160 2996 1408 3072 argumento
1437 2988 1535 3050 etiam
1563 2987 1636 3067 ipso
1662 2987 1702 3051 ab
1724 2985 1771 3062 iis,
1791 3002 1877 3066 quae

266 3199 674 3211 --...-·-——---..-.-.-.-.—.--

266 3345 395 3408 vocatur,
413 3346 503 3392 tamen
522 3356 580 3394 eam
600 3356 654 3393 non
670 3343 805 3394 Mineham
824 3357 889 3394 esse
907 3344 1061 3410 propriam,
1079 3346 1167 3409 qualis
1184 3347 1309 3396 delinitur
1327 3344 1475 3394 11112-
1492 3346 1553 3397 sive
1571 3345 1741 3396 solaoblata
1758 3345 1875 3395 sitaiva

264 3429 327 3478 aliis
344 3429 487 3478 sacrifieiis
504 3430 650 3493 addita-‚
668 3443 755 3492 neque
773 3432 806 3480 de
820 3427 898 3495 jugis
916 3431 988 3479 forte
1000 3431 1124 3480 Minehah
1143 3432 1326 3495 cogitandum,
1342 3433 1394 3480 hoe
1413 3430 1456 3489 die
1474 3432 1589 3493 primum
1605 3433 1639 3482 de
1655 3431 1761 3483 recenti
1779 3431 1873 3481 farina

265 3517 371 3581 oblata,
396 3515 442 3564 vel
466 3526 499 3563 eo
517 3517 622 3564 certum
649 3517 779 3577 estquod
799 3516 1013 3566 fermentati
1033 3516 1164 3579 coquendi
1182 3521 1247 3565 sunt
1264 3531 1292 3568 v.
1313 3517 1360 3579 ¹⁷3
1379 3516 1476 3566 deinde
1493 3517 1564 3579 quod
1582 3530 1607 3566 v.
1626 3517 1661 3567 20
1679 3516 1879 3585 sacerdoti

263 3602 337 3656 (soil.
362 3600 406 3663 qui
430 3601 549 3649 elevavit
570 3601 657 3659 tho)
681 3603 827 3665 oedrrnt,
852 3602 1073 3663 quemadmodum
1098 3601 1186 3650 orunis
1206 3617 1324 3665 :mm
1349 3605 1392 3662 (et
1416 3599 1554 3666 nmen),
1588 3613 1657 3664 quae
1681 3603 1738 3652 Deo
1763 3603 1870 3664 quidem

262 3696 345 3736 saera
362 3683 472 3766 (qm),
495 3696 549 3734 nou
567 3687 704 3735 crematur
722 3688 813 3735 tamur
834 3685 861 3734 in
879 3685 979 3747 altari,
998 3685 1048 3733 sed
1066 3687 1181 3737 offertur
1193 3690 1298 3737 tantum
1317 3691 1345 3736 et
1361 3686 1498 3735 sacerdoti
1515 3687 1624 3749 integre
1642 3685 1869 3742 conteneant.

260 3771 338 3821 Num.
358 3773 400 3834 lb,
418 3771 461 3821 2⁰.
481 3771 522 3832 18,
539 3766 557 3818 8
573 3782 650 3834 seqq.
693 3769 853 3836 cujusmodi
878 3772 923 3820 est
947 3771 1028 3819 etiam
1053 3772 1254 3834 manipulus
1280 3771 1327 3821 ille
1352 3770 1533 3833 primitiarum
1557 3770 1733 3833 v.10seq.,
1759 3774 1787 3821 et
1811 3773 1871 3834 ipse

259 3869 379 3918 mm
400 3867 465 3920 qm
503 3870 530 3906 v.
556 3857 589 3905 lb
613 3855 719 3916 dietns3
742 3856 807 3905 item
837 3855 902 3905 duo
938 3855 1020 3919 agni
1052 3852 1159 3921 neanp'
1185 3869 1245 3907 oum
1268 3854 1385 3918 panibus
1408 3856 1511 3906 elevati
1532 3855 1611 3906 1129
1634 3852 1692 3918 (ubi
1711 3873 1777 3921 qens
1800 3861 1869 3939 qm

258 3943 403 4003 utrumque
418 3942 647 4005 comprehendere
663 3941 841 4004 intelligitur,
868 3943 897 3989 et
913 3952 999 4002 panes
1017 3942 1047 3990 et
1063 3945 1174 4006 agnos).
1209 3942 1241 3990 ln
1258 3951 1310 4003 qrro
1329 3951 1397 3990 sane
1419 3940 1638 3991 fermentati
1663 3942 1803 3993 oblatio
1821 3944 1869 3993 vix

258 4037 311 4074 unu
329 4025 414 4074 utitur
430 4029 553 4090 exemplo
571 4029 636 4077 hev.
655 4025 682 4089 7,
704 4025 735 4075 19
752 4026 794 4085 (et
815 4025 896 4075 dublo
914 4026 1052 4092 quidem),
1070 4029 1136 4093 agni
1153 4025 1253 4090 integri
1271 4025 1407 4076 sacerdoti
1426 4025 1538 4076 cedendi
1556 4026 1640 4077 nullo.

324 4146 355 4200 4)
374 4145 431 4194 Hoc
448 4147 476 4196 11
484 4147 645 4211 11119111
663 4147 765 4207 tuetur,
783 4144 876 4193 multis
896 4146 1082 4229 quaestionem
1096 4147 1237 4209 amplexus
1251 4145 1368 4208 epistola
1386 4148 1501 4209 utraque
1519 4146 1646 4210 „vetera
1660 4162 1687 4198 u.
1701 4145 1868 4214 Pfinpotea“

161 4272 165 4289 ,
255 4228 389 4291 inscripto
406 4232 428 4294 1,
446 4231 464 4282 7
481 4245 557 4295 seqq.
581 4234 614 4292 11,
635 4233 668 4282 10
684 4243 760 4292 seqq.

321 4346 352 4416 5)
379 4353 456 4411 Quod
482 4353 660 4403 confirmatur
684 4353 766 4403 etiam
783 4347 864 4414 hujus
889 4351 944 4400 loci
962 4354 1155 4413 explanatione
1179 4365 1248 4416 qnae
1273 4353 1364 4401 exstat
1382 4353 1466 4403 91111.
1486 4351 1528 4414 16,
1546 4353 1580 4416 9,
1605 4354 1648 4403 ubi
1672 4366 1722 4414 pro
1740 4366 1773 4403 eo
1793 4356 1865 4416 quod

253 4437 280 4486 h.
290 4437 316 4513 1.
335 4438 379 4486 est
396 4439 568 4502 ,1111111111
589 4434 757 4490 11111111116
780 4436 880 4486 dieitur
905 4438 968 4500 „ab
986 4450 1019 4488 eo
1035 4441 1082 4490 ote
1099 4450 1155 4502 qao
1172 4440 1278 4506 soleam
1296 4438 1448 4489 tumberto
1465 4438 1599 4501 11911111,
1617 4439 1676 4490 soil.
1689 4449 1708 4489 a
1720 4451 1773 4500 quo
1791 4453 1860 4502 sep-

253 4523 307 4573 tem
323 4522 505 4575 hebdomades
521 4527 651 4587 puteutur
668 4526 703 4575 ad
721 4524 849 4589 „leam
865 4520 1108 4583 septimanarum.“
