3894 5274
158 875 248 958 quod
267 874 333 936 alia
352 873 452 935 etium
477 871 640 934 habentur
661 888 747 951 quac
770 870 811 933 ab
839 868 894 931 illo
922 869 1089 948 differant,
1129 868 1187 930 vel
1214 886 1273 948 per
1300 887 1340 932 sa
1367 870 1439 950 ipsa
1466 868 1692 933 difficultatem
1719 884 1784 952 pa··

160 981 279 1041 riant-
302 976 446 1039 Primum
470 973 556 1054 quod
570 974 644 1037 ,istc
667 990 864 1054 azymorum·
880 973 965 1033 ritus
985 989 1050 1032 non
1073 970 1229 1033 festum
1250 983 1400 1053 vocatur,
1421 982 1461 1035 ut
1475 974 1702 1054 alibiaemper‚
1723 972 1784 1037 serl

157 1078 410 1143 aabbttlrali
440 1087 569 1139 tantum
584 1077 756 1139 concione
789 1085 826 1136 et
861 1076 972 1156 quiete
1001 1075 1104 1154 primo
1131 1083 1167 1135 et
1195 1075 1334 1155 septimo
1364 1072 1418 1136 dio
1445 1075 1629 1138 celebratur
1656 1076 1784 1158 (ipsum

161 1181 316 1244 sabbathi
347 1197 465 1242 noman
493 1178 625 1257 abest,·
641 1179 740 1241 tut-in
767 1180 911 1240 cacteris
938 1176 1105 1258 legibus),
1133 1193 1219 1257 qnae
1248 1185 1356 1240 tumen
1386 1196 1469 1239 cum·
1489 1178 1542 1240 illo
1564 1196 1627 1239 non
1649 1178 1785 1259 perinde

157 1281 318 1366 putanda.
360 1278 613 1362 noncupant,
641 1298 717 1343 cnm
748 1281 911 1360 primus
938 1278 1013 1340 dies
1040 1278 1286 1341 sabbathali
1313 1280 1424 1359 quieto
1455 1280 1692 1363 distinguatur,
1723 1281 1786 1345 hoc

159 1390 234 1470 ipso
256 1394 365 1447 tamon
395 1381 448 1445 dic
474 1383 559 1446 baec
580 1382 742 1463 agenda
769 1380 1056 1463 deprehendantur
1076 1398 1161 1460 quac
1181 1382 1226 1443 ab
1246 1381 1304 1443 illa
1324 1397 1422 1461 quarn
1444 1385 1585 1445 maxime
1608 1393 1707 1464 patet·
1721 1384 1784 1447 ab·

159 1491 297 1553 horrere
306 1507 319 1549 r.
350 1485 385 1567 1)
411 1496 450 1549 ιιι
472 1484 732 1547 fermentum-do
751 1485 860 1548 medio
879 1484 1011 1546 tollatur
1037 1501 1084 1545 ex
1105 1500 1138 1543 ιι.
1164 1484 1221 1564 15;
1256 1484 1298 1565 2)
1327 1502 1430 1565 panas
1453 1488 1563 1566 azymi
1592 1496 1786 1568 coquantur,

163 1587 250 1672 quod
273 1596 350 1650 ante
375 1589 537 1651 sublatum
561 1586 757 1649 fermentum
779 1586 852 1649 lieri
873 1604 938 1648 non
961 1594 1101 1665 poterat,
1122 1585 1185 1645 nisi
1207 1584 1271 1647 hoo
1289 1586 1417 1648 ratione
1445 1604 1581 1667 prorsus
1609 1607 1724 1651 carere
1749 1598 1786 1652 at

156 1704 297 1769 temere·
310 1689 500 1753 mandatum
524 1699 671 1770 statuas3
693 1692 749 1768 qui
771 1708 875 1771 panes
897 1707 971 1751 cum
989 1687 1033 1765 ab
1055 1685 1128 1767 ejus
1150 1685 1213 1749 dici
1235 1688 1338 1770 initio,
1361 1688 1476 1751 decimi
1498 1693 1606 1769 quarti
1633 1702 1785 1773 vespera,

162 1816 207 1867 ox
229 1815 261 1869 y.
287 1794 329 1857 18
342 1791 670 1869 comedendi-erant,
692 1802 760 1865 tum
778 1791 848 1873 jam
871 1800 1003 1871 praesto
1031 1809 1108 1853 esse
1131 1790 1305 1861 debebant.
1354 1789 1496 1853 Accedit
1522 1792 1606 1871 quod
1636 1793 1785 1874 ejusdem

156 1897 229 1967 dici
251 1898 355 1974 initio,
372 1915 417 1957 ex
438 1896 501 1957 alia
522 1894 598 1977 luge
615 1895 648 1955 in
670 1895 787 1957 eodem
814 1913 886 1979 cap.
909 1893 1049 1974 tradita,
1084 1891 1123 1974 3)
1145 1895 1243 1963 etiam
1263 1912 1373 1975 agnus
1394 1892 1562 1974 paschalis
1590 1896 1786 1969 mactandus

161 2011 200 2065 et
221 1997 442 2061 comedendus
465 2007 546 2077 erat,
569 1996 646 2059 dum
665 1999 954 2079 primogenitorum
975 1998 1062 2078 Aeg.
1085 1994 1261 2059 trucidatio
1279 1995 1396 2077 lieret3
1422 1997 1535 2076 elapsu
1556 2007 1667 2059 autem
1690 2008 1786 2063 nocte

158 2103 220 2165 ubl
242 2101 313 2165 dies
334 2101 497 2181 illuxerat,
517 2102 554 2180 4)
576 2102 727 2182 egressio
739 2120 780 2161 ex
795 2101 952 2181 Aegypto
971 2098 1060 2161 lacta
1084 2107 1138 2161 est
1159 2117 1192 2159 v.
1212 2099 1262 2179 17,
1275 2099 1317 2163 cf.
1326 2118 1359 2161 v.
1372 2097 1414 2161 31
1428 2117 1522 2179 seqq·
1540 2099 1640 2163 Num.
1650 2099 1704 2181 33,
1715 2100 1785 2169 3.,4.

162 2207 256 2269 Haec
285 2203 393 2265 omnia
425 2201 585 2283 quomodo
616 2201 840 2271 Sabbatho¹
860 2202 931 2263 lieri
959 2196 1136 2282 perennet
1202 2201 1270 2265 Sed
1300 2209 1336 2263 ιιι
1363 2202 1573 2265 a-Sabbatlri
1603 2205 1785 2275 sanctitate

167 2307 377 2369 discussoris:
400 2307 553 2385 quoniam
575 2305 669 2385 plura
689 2305 721 2365 in
743 2302 831 2364 idem
854 2304 1012 2384 temporis
1035 2313 1253 2380 momontum,
1287 2302 1351 2365 diei
1372 2304 1517 2384 initium,
1551 2304 1671 2369 cadunt
1700 2323 1785 2385 quae

158 2410 227 2473 sibi
248 2407 431 2497 succedere
452 2425 593 2469 necesse
615 2417 678 2485 est,
699 2426 742 2468 ne
771 2424 844 2468 cum
867 2407 1024 2489 temporis
1045 2405 1175 2487 quidam
1199 2407 1326 2469 rationo
1346 2417 1500 2471 constare
1522 2419 1672 2487 possunt.
1699 2409 1787 2483 Nam

165 2510 325 2592 quomodo
339 2528 443 2590 panes
455 2510 565 2591 azymi
578 2510 618 2571 ab
630 2511 724 2571 initio
747 2508 980 2588 edipoterant,
1001 2509 1068 2577 nisi¹
1078 2517 1301 2589 anteaperata
1313 2519 1441 2590 essent,
1462 2521 1497 2575 et
1511 2510 1672 2593 quomodo
1687 2519 1786 2574 antea

163 2616 272 2696 parari
293 2621 462 2693 poterant,
490 2612 653 2681 fermento
677 2610 819 2673 nondum
849 2611 996 2689 sublato,
1030 2610 1115 2691 quod
1139 2612 1241 2692 primu
1262 2608 1389 2673 demum
1413 2613 1467 2675 dle
1488 2613 1665 2676 tollendum
1687 2607 1785 2679 creti

164 2715 260 2795 Quod
284 2718 314 2777 si
335 2724 434 2776 antea
456 2713 578 2776 factum
601 2733 674 2795 non,
689 2726 813 2777 temere
841 2723 990 2794 statuas,
1022 2715 1107 2777 illius
1129 2713 1170 2775 de
1200 2722 1346 2794 temporo
1369 2719 1540 2797 praecepti
1570 2715 1674 2798 (quod
1703 2734 1786 2779 saue

163 2837 198 2880 v.
222 2817 264 2879 15
283 2818 444 2889 insertum
466 2817 700 2894 intempestive
722 2818 832 2894 venit]
854 2816 973 2877 nullam
997 2818 1154 2879 rationem
1177 2815 1358 2877 habandam
1386 2827 1481 2882 ratus
1502 2852 1543 2865 —
1571 2817 1786 2900 quemadmo-

163 2918 241 2981 dum
263 2919 362 2981 etiam
384 2915 583 2980 ludaeorum
606 2919 821 2996 posteriorum
846 2936 908 2979 usu
930 2927 1030 2982 autea
1051 2919 1217 2981 sublatum
1231 2918 1392 2992 ‚videmus
1406 2943 1461 2981 —:
1477 2939 1585 3000 neque
1595 2940 1786 3004 azymorum

159 3021 205 3101 ,ab
227 3014 518 3107 initiocomestio‚
551 3018 616 3083 uult
644 3040 719 3083 cum
746 3019 877 3101 Pascbo
895 3021 968 3099 (ox
990 3021 1108 3100 rae),
1144 3031 1298 3085 constare
1325 3033 1437 3102 potest
1465 3042 1539 3085 cum
1568 3042 1607 3086 eo
1634 3023 1721 3103 quod
1743 3023 1786 3087 ad

163 3125 263 3187 ritum
284 3141 474 3204 azymorum
499 3121 718 3203 derivandum
742 3122 881 3185 traditur
899 3143 962 3203 vv„
973 3123 1023 3201 134
1044 3133 1079 3184 et
1099 3120 1157 3184 39:
1190 3124 1368 3198 israelitas,
1390 3127 1569 3208 Aegyptiis
1590 3124 1632 3186 ad
1655 3145 1785 3187 excun-

161 3226 241 3293 dum
263 3225 467 3309 urgentibus,
489 3243 633 3287 massam
659 3236 834 3307 antequam
858 3224 1111 3295 fermentaretur
1133 3236 1310 3306 exportare
1331 3237 1483 3307 coactos,
1510 3229 1543 3291 in
1566 3228 1669 3309 prima
1690 3237 1787 3309 post

164 3328 455 3411 egressionem
478 3329 622 3389 statione
643 3327 814 3407 placentas
836 3344 975 3408 azymas
996 3329 1137 3391 coxisse.
1180 3328 1279 3406 Quod-
1294 3329 1359 3401 hac
1379 3332 1565 3415 ipuactiam
1581 3331 1656 3413 loge
1671 3340 1785 3411 aperta

163 3430 369 3513 significatur
391 3449 424 3491 v.
435 3430 476 3492 18
500 3447 583 3491 voce
604 3432 727 3494 nourr·
729 3447 825 3509 ‚qua
848 3429 977 3491 eductio
999 3429 1114 3492 iacta
1137 3432 1276 3511 ponitur,
1298 3430 1596 3512 quemadmodum
1589 3454 1620 3494 ιιι
1637 3433 1785 3495 Mosaico

165 3533 272 3595 edicto
297 3531 349 3613 13,
369 3530 399 3593 3.
436 3532 489 3594 Ex
511 3550 574 3612 quc
597 3531 788 3615 intelligitur
810 3549 906 3611 quam
929 3551 1042 3611 parum
1072 3533 1154 3595 haee
1185 3554 1375 3618 azymorum
1405 3534 1604 3599 edendorum
1632 3537 1687 3599 lex
1716 3547 1785 3596 tum

165 3634 257 3696 sibi
250 3634 313 3715 rpsi
334 3638 481 3715 constet,
512 3628 582 3694 =tum
612 3651 693 3694 reru
722 3652 797 3696 eum
818 3632 880 3696 hoc
908 3620 979 3696 loco¹
1009 3646 1043 3697 et
1072 3646 1218 3719 tempore
1247 3630 1440 3752 conveniat,
1468 3656 1531 3720 quo
1553 3637 1585 3703 id
1607 3638 1728 3700 nemini
1750 3637 1784 3696 in

164 3728 306 3799 mentem
329 3737 444 3797 venire
466 3744 596 3816 poterat
619 3722 805 3797 futurum
828 3732 943 3816 q'uod
933 3756 1006 3817 ipsa
1029 3738 1186 3800 factum
1209 3739 1310 3820 ponit,
1332 3750 1366 3801 et
1388 3736 1482 3820 cuju's
1501 3738 1610 3837 facti
1631 3756 1784 3803 memo-

164 3841 266 3901 riam
290 3840 432 3900 instituit
455 3840 517 3915 ritu
541 3857 730 3929 azymorum
758 3838 997 3919 celebrandam,
1018 3860 1102 3927 quae
1125 3842 1224 3923 futuri
1248 3860 1331 3925 saue
1356 3842 1445 3904 nulla
1467 3853 1544 3904 cst.
1575 3828 1691 3923 Alieno
1712 3840 1784 3902 loco

162 3942 303 4022 positam
332 3960 409 4003 esse
432 3942 529 4003 etiam
550 3939 629 4000 illud
652 3940 774 4003 indicat
802 3942 885 4021 quod
909 3936 1051 4023 capite
1073 3954 1211 4018 caret,
1232 3920 1370 4023 abrupte
1399 3944 1602 4025 praecipiens
1633 3952 1785 4023 „septem

164 4043 280 4106 diebus
308 4063 427 4125 azyma
456 4041 590 4105 edetis“
619 4052 700 4122 etc,
736 4045 808 4103 sine
838 4044 973 4106 formula
1008 4056 1139 4109 sueta.
1133 4063 1208 4111 arn*
1231 4062 1322 4111 ’13Ἶί
1344 4056 1407 4107 etc.
1440 4048 1495 4108 vcl
1526 4048 1589 4108 alia
1622 4045 1786 4124 loquentis

164 4149 340 4217 mentione.
383 4146 482 4208 Nulla
496 4149 581 4229 enim
598 4155 729 4227 praesto
752 4155 805 4207 est
827 4146 868 4235 ad
890 4166 986 4228 quam
1007 4148 1122 4215 relcrri
1135 4150 1255 4231 possit,
1276 4149 1339 4210 nisi
1353 4148 1581 4225 praecedentia
1595 4146 1637 4211 de
1654 4146 1784 4210 Pascho

162 4248 336 4312 mactando
359 4247 527 4311 exordium
549 4246 692 4313 rat-3:
716 4246 775 4311 sed
790 4247 866 4311 illud
880 4251 1050 4329 quominus
1066 4252 1131 4315 buc
1144 4251 1267 4332 trabas,
1289 4262 1324 4313 ut
1344 4250 1418 4313 lieri
1439 4251 1535 4330 solet,
1556 4250 1666 4313 obstat
1679 4268 1783 4332 argu·

164 4353 268 4414 menti
290 4351 476 4433 diversitaS,
499 4361 532 4413 et
554 4350 639 4431 quod
662 4351 783 4413 nullum
807 4362 864 4413 aut
886 4349 994 4414 nexis
1016 4355 1072 4415 vel
1093 4355 1262 4451 societatis
1284 4372 1357 4416 cum
1380 4353 1452 4433 illa,
1480 4361 1539 4414 aut
1561 4349 1720 4414 transitis
1740 4350 1783 4414 ad

165 4455 262 4516 aliam
284 4451 433 4533 ejusdem
455 4455 588 4537 generis
610 4453 716 4536 legem
739 4452 991 4535 deprehenditur
1011 4458 1098 4519 vesti
1100 4459 1207 4541 ginm3
1242 4457 1289 4518 ita
1311 4466 1347 4518 ut
1378 4456 1506 4537 propria
1532 4454 1588 4515 lex
1610 4462 1645 4516 ct
1666 4454 1707 4516 ab
1729 4454 1785 4516 illa

163 4573 300 4638 prorsus
328 4556 435 4617 aliena
455 4552 605 4618 habenda
628 4560 689 4639 sit,
719 4556 987 4638 quemadmodum
1010 4561 1110 4621 etiam
1130 4557 1257 4621 alibic.
1280 4557 1321 4621 13
1342 4567 1376 4619 et
1396 4557 1439 4621 33
1461 4558 1566 4621 solum
1588 4575 1782 4647 azymorum

164 4658 261 4722 ritum
277 4658 350 4720 sine
365 4656 485 4721 Paschi
498 4662 661 4737 mentione
684 4658 836 4729 exhiberi
851 4659 1011 4725 videmus
1052 4661 1191 4725 Accedit
1212 4650 1297 4742 quod
1320 4663 1374 4741 qui
1387 4648 1566 4743 sequuntur
1578 4659 1783 4723 hunclooum

164 4781 227 4823 vn.¹
244 4761 387 4840 21-28,
407 4761 463 4823 ubi
484 4762 600 4825 Moses
624 4762 688 4837 Dei
707 4761 899 4835 mandatum
918 4766 1060 4831 cacteris
1088 4766 1201 4845 aperit
1216 4764 1304 4845 Jam·
1311 4763 1570 4846 exsequendum,
1599 4761 1641 4826 ad
1661 4760 1784 4825 Pasobi

163 4872 292 4928 tuntum
323 4865 422 4927 ritum
445 4864 639 4944 .perunem.,--
669 4880 738 4926 aee.
758 4882 948 4946 azymorum
977 4866 1044 4931 ulla
1065 4867 1097 4929 11·
1115 4876 1143 4929 t·
1156 4869 1297 4948 mantio,
1330 4869 1425 4948 quasi
1454 4867 1488 4930 bi
1514 4862 1638 4930 vareris
1669 4863 1782 4926 statim
