3848 5244
934 550 978 634 2l
1480 535 1617 611 '0

147 794 210 856 Ex.
233 791 286 874 23,
308 793 350 856 ld
371 808 473 873 seqq,
494 791 626 852 omissis
648 790 787 853 caeteris
810 788 901 853 feriis
922 804 957 854 et
978 794 1165 855 solennibus
1187 811 1271 876 quae
1292 807 1510 859 recensentur
1524 797 1612 860 ‘Lem
1634 799 1693 863 23:
1715 800 1763 863 ita

148 908 256 957 tamen
279 907 317 957 ut
338 888 422 975 quae
445 895 497 956 illa
520 892 744 974 suppeditaret
766 895 840 975 (vel
863 895 974 975 potius
996 893 1103 959 Exod.
1125 895 1178 976 34,
1202 895 1243 958 18
1255 913 1345 979 seqq.
1361 916 1458 979 quam
1473 910 1609 962 secutus
1623 903 1695 984 est]
1719 923 1762 966 ex

71 1067 73 1071 ¹
149 1000 293 1060 caeteris
316 1031 355 1042 ·-
380 994 737 1077 Em.cap.l2et13.
770 992 849 1060 Leo.
877 995 922 1060 23
950 1030 990 1043 -
1020 1006 1174 1082 augeret3
1203 998 1306 1060 multa
1333 1008 1444 1063 autern
1474 1011 1543 1064 tum
1582 1012 1760 1086 truncaret,

147 1111 216 1162 tum
245 1098 411 1181 disjiceret
440 1108 475 1160 et
502 1097 732 1179 confunderet,
762 1108 830 1161 tum
853 1117 933 1161 vero
948 1089 1165 1182 'interpolaret
1187 1109 1221 1163 et
1242 1109 1398 1164 mutaretz
1431 1104 1477 1166 ita
1499 1114 1535 1167 ut
1556 1124 1576 1165 a
1599 1108 1759 1185 prioribus

147 1203 211 1264 illis
234 1220 296 1262 non
319 1219 433 1282 parum
457 1199 595 1263 differat.
641 1201 835 1282 'l'emporum
859 1201 942 1264 ratio
966 1201 1036 1262 fere
1058 1203 1221 1286 neglecta.

234 1336 263 1398 1.
286 1337 428 1400 Primum
450 1335 583 1419 festum,
604 1338 754 1419 quamvis
776 1356 810 1398 v.
832 1335 854 1400 3
876 1356 952 1400 cum
974 1356 1164 1420 azymorum
1185 1356 1247 1402 esu
1267 1337 1476 1419 conjunctum
1499 1361 1530 1402 v.
1554 1342 1590 1422 1,
1613 1342 1764 1405 Paschi

149 1449 276 1501 tantum
290 1442 641 1522 uomineappcllatum3
663 1448 765 1501 causa
778 1449 886 1500 tamen
898 1458 943 1501 ex
961 1440 1024 1502 ltlx.
1036 1440 1088 1520 ta,
1099 1441 1148 1503 17.
1174 1437 1225 1521 13,
1234 1438 1266 1502 3.
1287 1438 1395 1522 34,18
1417 1444 1514 1506 allata
1535 1446 1576 1506 ab
1598 1463 1763 1528 azymo·

148 1562 233 1605 rum
256 1541 343 1605 feste
365 1544 534 1622 desumto,
568 1543 636 1604 scil.
659 1542 735 1622 quia
757 1559 796 1603 eo
829 1560 943 1604 mense
975 1542 1067 1603 Deus
1100 1560 1159 1604 eos
1191 1543 1341 1605 eduxerit
1373 1563 1416 1606 ex
1448 1547 1613 1629 Aegypto.
1669 1546 1764 1625 Quod
1847 1571 1849 1575 ¹

148 1656 276 1713 noctu
299 1645 423 1709 factum
446 1643 524 1705 dicit
545 1663 577 1705 v.
602 1645 631 1725 1,
653 1643 790 1705 confuso
814 1641 898 1708 titius
926 1643 1098 1706 Pascbalis
1126 1662 1201 1707 cum
1230 1645 1440 1726 profectionis
1470 1657 1632 1730 tempore,
1668 1668 1765 1729 quam

147 1757 280 1810 constat
301 1747 457 1827 postridie
479 1747 566 1808 illius
588 1748 698 1824 (licen
716 1747 851 1828 nonum)
873 1744 992 1809 factam
1015 1763 1109 1829 esse,
1131 1765 1163 1809 v.
1185 1746 1207 1808 6
1228 1758 1336 1811 autam
1357 1730 1565 1813 mactandum
1587 1742 1777 1832 „vespe-⁴

148 1861 208 1930 ra,
231 1849 453 1935 occidente
476 1848 597 1909 sole“
619 1849 835 1930 praecipiens,
858 1848 920 1911 boc
943 1846 1021 1911 dicit
1035 1865 1112 1910 esse
1134 1858 1288 1931 „tempus
1300 1854 1501 1934 egressionis
1513 1871 1556 1914 ex
1567 1846 1764 1935 Aegypto“!

149 1955 326 2033 Tempus
349 1951 431 2015 rittis
453 1968 568 2013 mense
589 1960 714 2013 tantum
739 1940 924 2033 Crlbhibb)
948 1949 1130 2031 delinitum,
1151 1960 1188 2013 ut
1210 1953 1273 2014 Ex.
1295 1952 1348 2039 34,
1373 1955 1423 2034 18,
1446 1955 1598 2038 neglecto
1620 1953 1672 2015 die
1690 1954 1766 2016 alibi

105 2060 107 2064 ’
149 2055 269 2118 addito.
324 2055 454 2140 Pascha
478 2052 654 2134 subjuncta
676 2071 707 2114 v.
728 2051 760 2114 3.
779 2070 898 2135 azyma
919 2072 977 2134 per
1000 2063 1127 2134 septem
1149 2051 1221 2116 dies
1241 2055 1452 2136 comedenda,
1473 2057 1533 2120 sed
1545 2055 1694 2137 apposito
1714 2056 1767 2118 bis

133 2154 215 2244 ,riq
241 2157 278 2237 (i.
292 2173 421 2222 concon
442 2153 510 2238 bo),
532 2156 626 2236 quasi
644 2173 763 2238 azyma
782 2153 915 2217 totidem
929 2154 1043 2219 diebus
1056 2175 1120 2218 una
1134 2174 1208 2219 cum
1220 2158 1348 2221 Pascbo
1366 2158 1579 2222 comederint!
1591 2191 1632 2203 -
1653 2160 1765 2240 Ipsum

75 2263 79 2268 '
148 2270 260 2348 autom
283 2261 405 2321 ritum
426 2259 512 2341 quod
537 2259 671 2338 attinet,
699 2257 782 2320 hacc
803 2266 927 2321 mutata
948 2256 1235 2340 deprehenduntur
1257 2276 1341 2340 quae
1368 2262 1529 2342 prioribus
1559 2271 1672 2342 aperte
1708 2279 1763 2322 re-

149 2373 315 2447 pugnant:

237 2500 276 2579 1)
300 2501 448 2561 Hostia
470 2518 503 2558 v.
525 2497 547 2559 7
569 2516 632 2558 nou
654 2512 712 2582 prs
735 2506 861 2558 tantum
880 2495 940 2559 sed
962 2514 1036 2580 ’ψη
1058 2501 1175 2578 etiam,
1204 2498 1290 2579 quod
1319 2498 1497 2561 inauditum
1525 2510 1560 2560 et
1589 2519 1609 2560 a
1637 2501 1763 2560 ratione

152 2606 238 2667 sacri
260 2603 450 2678 domestica,
472 2600 576 2679 qualis
597 2601 659 2659 Ex.
684 2598 725 2659 ta
746 2597 894 2678 traditur,
915 2600 1105 2681 abhorrens,
1127 2621 1189 2664 nec
1211 2619 1275 2663 usu
1297 2602 1396 2661 etiam
1420 2611 1605 2682 receptum3

234 2722 275 2801 2)
298 2738 402 2799 eaque
429 2737 491 2779 non
515 2716 658 2779 assanda
681 2711 740 2778 sed
763 2717 980 2797 coquenda
1002 2719 1105 2801 (bula)
1127 2741 1159 2782 v.
1182 2721 1213 2800 7,
1242 2719 1328 2801 quod
1350 2720 1412 2782 Ex.
1438 2719 1489 2800 ta,
1509 2721 1533 2782 9
1560 2720 1683 2781 diserta
1711 2720 1764 2779 in·

151 2824 335 2889 terdictum.

235 2943 275 3024 3)
299 2943 437 3004 Sacrum
461 2958 507 3001 eo
530 2940 617 3000 loco
650 2936 832 3000 faciendum
866 2957 982 3020 quem
1017 2941 1120 3002 Ibvb
1152 2942 1232 3003 sibi
1266 2942 1452 3023 elegerit
1486 2944 1663 3005 nominis
1698 2922 1771 3002 sui‘

151 3046 293 3111 sedem
316 3064 348 3106 v.
371 3045 413 3124 2.,
436 3040 521 3124 quod
543 3038 720 3102 identidem
742 3059 800 3122 pro
822 3039 920 3121 bujus
943 3059 1031 3103 more
1054 3042 1236 3104 inculcatur
1254 3061 1311 3105 vv.
1337 3043 1438 3105 5-7:
1477 3060 1539 3104 nou
1563 3044 1592 3103 in
1617 3044 1679 3104 alio
1702 3044 1766 3104 ullo

149 3152 221 3213 loco
243 3167 340 3231 quam
362 3147 416 3209 illo
439 3163 534 3227 quem
559 3143 642 3204 lbvb
664 3142 724 3203 sibi
748 3143 888 3225 elegerit
907 3141 940 3205 id
962 3144 1032 3206 fieri
1053 3162 1170 3224 possc;
1191 3147 1246 3208 ubi
1269 3156 1378 3208 tamen
1406 3153 1578 3225 postquam
1609 3144 1777 3225 comede-⁸

152 3255 226 3336 rint,
249 3269 343 3313 mane
365 3250 465 3312 licere
496 3248 536 3310 ad
565 3246 677 3308 domos
706 3261 785 3307 suas
813 3244 928 3308 redire.
987 3244 1082 3324 Quod
1112 3248 1236 3309 veteris
1265 3249 1348 3330 legis
1379 3249 1529 3309 instituto
1560 3247 1766 3323 adversatur,

151 3372 214 3437 quo
237 3373 310 3417 cum
334 3353 449 3415 domus
472 3367 621 3432 quaeque
643 3346 795 3411 sacrificii
818 3350 979 3430 sanguine
1001 3349 1207 3432 aspergenda
1229 3360 1320 3412 esset
1342 3351 1405 3411 bix.
1429 3349 1480 3430 12,
1501 3350 1539 3430 7,
1569 3351 1632 3413 boc
1660 3352 1766 3413 domi

151 3456 334 3520 faciendum
357 3454 559 3535 intelligitur.
602 3449 703 3531 quue
727 3450 859 3511 maximi
880 3450 1009 3531 quidem
1031 3453 1195 3515 momenti.
1237 3452 1326 3514 Nihil
1343 3448 1530 3513 aliud-enim
1550 3455 1658 3535 agitur
1669 3471 1766 3534 quam

153 3572 189 3622 ut
212 3577 340 3620 sacrum
364 3576 406 3618 ex
428 3555 629 3635 singulorum
652 3552 799 3615 domibus
821 3552 862 3616 ad
885 3555 1113 3617 sacrarium
1142 3554 1246 3616 totius
1276 3564 1384 3615 terrae
1411 3571 1580 3615 commune
1607 3554 1764 3634 (Jerusa-

152 3660 346 3739 lemiticum)
369 3655 595 3732 transferatur,
620 3664 653 3715 ut
671 3653 738 3734 jam
762 3674 824 3716 non
849 3655 890 3718 ad
913 3673 993 3718 suae
1014 3673 1175 3736 quemque
1198 3653 1312 3716 domus
1334 3654 1609 3734 patremfamilias,
1642 3658 1700 3718 sed
1723 3657 1765 3718 ad

152 3764 333 3825 lievitas
369 3760 541 3840 pertineat.
601 3756 734 3817 Scilicet
762 3756 823 3820 boc
852 3767 964 3820 noster
996 3759 1196 3836 (praeeunte
1224 3755 1352 3837 quidem
1374 3753 1468 3819 Leo.
1491 3776 1561 3837 cap.
1586 3758 1635 3832 17,
1660 3760 1765 3833 1-9,

153 3866 208 3928 nbi
229 3866 337 3942 capite
360 3863 519 3924 sancitum
545 3876 588 3918 ne-
614 3857 783 3919 sacriflcia'
805 3860 868 3921 alio
900 3861 969 3921 loco
1001 3858 1083 3922 liant
1110 3859 1173 3920 uisi
1201 3859 1241 3920 ad
1271 3860 1467 3939 sacrarium)
1502 3877 1628 3922 summo
1656 3859 1765 3920 studio

154 3966 362 4051 persequitur
386 3982 488 4044 usque
511 3960 716 4036 irmulcatum,
746 3969 783 4021 ut
811 3963 916 4023 sacris
945 3961 1083 4042 privatis
1110 3959 1260 4025 funditus
1287 3961 1479 4041 exstirpatis
1507 3963 1612 4025 omnia
1639 3963 1766 4043 publice

154 4072 193 4134 ad
217 4071 395 4132 sacrarium
420 4076 454 4127 et
475 4064 664 4125 heritarum
688 4059 816 4141 quidem
839 4063 1015 4125 ministerio
1038 4062 1224 4144 florenta).
1269 4063 1325 4126 Sic
1352 4082 1431 4124 vero
1462 4067 1545 4127 sacri
1575 4063 1698 4126 indoles
1732 4077 1765 4125 et

158 4253 233 4260 --
452 4245 566 4254 ο---υ-ι

222 4359 269 4424 42)
288 4360 360 4408 idem
378 4358 487 4407 constat
504 4357 538 4404 ab
556 4354 748 4402 historicorum
776 4353 857 4402 etiam
884 4349 1015 4401 librorum
1039 4353 1196 4402 arictoribus
1220 4352 1395 4415 (praesertim
1420 4353 1481 4402 libri
1509 4353 1614 4418 regum)
1640 4369 1689 4406 uec
1713 4370 1766 4405 uon

155 4445 294 4508 prophetis
312 4443 456 4509 inculcari,
474 4452 507 4491 ac
525 4441 632 4490 tandem
657 4439 827 4500 impetratum
847 4436 945 4502 fuisse,
963 4437 987 4485 si
1005 4450 1059 4487 uon
1084 4448 1103 4487 a
1128 4438 1224 4488 lasiae
1246 4442 1385 4501 tempore,
1409 4440 1486 4488 certe
1502 4440 1537 4488 ab
1565 4440 1664 4502 exilio;
1694 4443 1724 4489 ut
1740 4441 1768 4489 in

155 4530 283 4589 caeteris,
303 4530 340 4578 lta
358 4528 387 4578 in
404 4529 455 4578 boc
468 4527 588 4589 pascball
606 4525 688 4575 etiam
707 4536 802 4588 sacru,
823 4525 888 4573 ΕΜ.
902 4523 930 4584 6,
949 4524 989 4572 tti-
1000 4536 1075 4586 seqq.
1093 4535 1110 4573 a
1130 4523 1235 4572 baritis
1253 4522 1378 4572 lustratis
1398 4526 1525 4573 mactato.
1552 4526 1629 4586 euml
1649 4526 1769 4576 Chroni-

155 4627 249 4664 corum
265 4617 363 4664 auctor
381 4612 441 4662 binc
458 4612 608 4662 desumtum
627 4611 660 4658 ad
680 4611 763 4659 multo
782 4609 875 4672 priora
893 4612 1017 4670 tempora
1034 4607 1189 4670 transtulit,
1207 4618 1261 4657 non
1278 4607 1390 4657 Jcsiam
1414 4610 1519 4658 tanturn
1547 4610 1581 4668 ll,
1607 4609 1642 4660 ³5
1660 4614 1693 4670 (a
1715 4624 1768 4673 quo

155 4699 276 4763 ttiieng.
294 4673 339 4785 ts,
356 4696 460 4748 21-23
476 4697 501 4746 id
520 4708 627 4747 suornm
647 4697 761 4758 primum
779 4696 945 4745 celebratum
963 4695 1082 4745 traditur
1099 4708 1133 4746 ex
1151 4692 1223 4759 legis
1242 4691 1438 4758 praescripto),
1457 4695 1508 4744 sed
1527 4694 1570 4744 vel
1588 4695 1716 4746 tlizkiam
1734 4697 1768 4759 ll,
1782 4687 1838 4810 Ι]

155 4785 200 4849 ω,
218 4785 259 4834 cui
279 4785 379 4832 similla
397 4783 512 4835 ai'dnxit.
