3894 5274
950 626 1000 721 ss

158 886 325 971 ιιιιιιιιιιιις
347 880 434 968 qnod
457 882 581 947 laetam
602 896 685 947 esse
703 892 785 943 sane
806 896 870 942 nec
890 872 1061 941 traditum
1068 884 1208 959 usquam
1220 874 1361 961 legitur,
1382 884 1418 940 et
1437 876 1511 961 ipsa
1532 876 1631 943 etiam
1650 856 1786 946 itineris.

157 990 285 1054 ratione
314 984 509 1051 excluditur.
559 966 746 1047 Praeterea
775 996 819 1045 ne
847 979 912 1043 boc
939 975 1070 1065 quidem
1097 976 1239 1075 intelligi
1265 982 1377 1062 potest
1405 980 1563 1063 quomodo
1591 970 1669 1051 ithid
1692 982 1780 1067 quod

161 1110 244 1181 ιιιιι
264 1094 298 1155 ιι
320 1090 384 1155 b'ac
404 1084 599 1205 egressione
621 1082 757 1167 accidit,
788 1072 830 1169 ιιι
850 1078 1080 1173 proficiscendi
1101 1068 1312 1153 festinatione
1335 1100 1356 1145 ι
1376 1099 1509 1147 ιιιιιιι
1530 1082 1779 1151 fermentatione

159 1174 313 1278 prohibiti
336 1208 440 1273 panas
461 1189 493 1252 in
516 1186 773 1270 primastatione
793 1204 860 1253 uon
881 1184 1098 1249 fermentatos
1114 1181 1219 1247 edere
1239 1195 1449 1267 cogerentur,
1469 1186 1504 1249 in
1524 1186 1609 1248 illo
1600 1204 1675 1268 rpso
1691 1198 1780 1252 tem·

160 1296 250 1380 poris
278 1302 401 1376 puncto
428 1300 497 1355 tane
527 1298 632 1373 grave
660 1287 843 1371 legislatori
872 1296 908 1350 et
935 1286 1145 1349 memorabile
1172 1284 1278 1348 videri
1305 1289 1449 1366 potnerit
1477 1295 1515 1350 ut
1541 1290 1607 1353 ritu
1634 1298 1673 1353 ιι
1691 1289 1780 1355 leste

161 1406 322 1483 perpetuo
351 1391 582 1456 celebrandum
615 1390 829 1475 praeciperet.
892 1389 965 1452 Hoc
984 1397 1075 1452 certe
1098 1388 1170 1450 lieri
1191 1398 1255 1449 n'on
1278 1397 1392 1469 potest
1413 1390 1477 1452 nisi
1498 1391 1601 1454 multo
1622 1402 1698 1474 post
1724 1412 1780 1458 ιιι

163 1510 296 1586 gestas:
330 1513 465 1580 quarum
488 1494 566 1558 dum
587 1500 684 1577 grata
704 1498 814 1555 mente
836 1490 1019 1555 revolvitur
1040 1491 1206 1571 memoria,
1228 1490 1284 1553 vel
1304 1489 1430 1554 leviora
1451 1509 1537 1574 quae
1558 1503 1628 1557 tum
1650 1492 1780 1559 accide-

163 1611 252 1680 runt,
274 1603 302 1663 si
324 1596 400 1682 quid
422 1599 500 1661 insit
521 1595 644 1658 insoliti
662 1602 696 1656 et
718 1593 800 1674 miri,
821 1592 1095 1677 memoriadigna
1117 1603 1152 1657 et
1165 1593 1255 1656 cuitu
1270 1591 1409 1675 quodam
1422 1610 1463 1656 ιι
1477 1595 1541 1658 ritu
1554 1596 1782 1680 prosequenda

163 1702 270 1767 videri
292 1708 443 1784 possunt.
485 1694 581 1776 Quod
603 1706 645 1760 ιιι
656 1694 744 1758 hiasi
758 1692 815 1757 vel
826 1694 951 1784 illornnr
964 1694 1115 1783 accidere
1124 1696 1267 1777 potuerit
1278 1713 1374 1777 aevo,
1396 1698 1450 1777 qui
1464 1694 1588 1762 deserti
1600 1700 1783 1765 tristissimi

164 1825 224 1890 per
245 1804 288 1869 40
310 1784 415 1865 annos
438 1796 634 1885 peragrandi
655 1797 822 1863 aerumnis
843 1795 998 1860 exhausti
1018 1800 1273 1879 succubuerunt,
1295 1798 1512 1862 vehementer
1530 1797 1653 1864 dubito.
1683 1802 1784 1866 Certe

165 1907 207 1974 ab
229 1908 387 1970 universa
407 1903 463 1967 illa
484 1911 595 1966 aetate
616 1901 742 1964 cultum
762 1900 864 1962 istum
886 1908 921 1963 et
942 1902 1042 1971 ritum
1065 1901 1207 1964 alienum
1229 1900 1345 1984 luisse,
1367 1901 1467 1965 fldem
1487 1900 1784 1984 iacitipsiusV.'l'.

166 2009 390 2075 testimonium
410 2005 482 2069 Joa.
503 2004 536 2086 b,
558 2005 580 2067 ι
600 2021 703 2086 seqq,
723 2002 780 2065 ubi
800 2001 906 2066 Josua
928 2011 962 2066 ιι
984 2002 1239 2067 circumcisionis
1260 2014 1296 2067 ιι
1316 2004 1437 2067 Paschi
1460 2005 1570 2085 ritum,
1592 2022 1690 2087 quem
1712 2009 1785 2072 sine

165 2114 222 2176 illa
245 2128 346 2194 agere
366 2107 463 2170 nefas
486 2115 575 2190 erat,
594 2124 654 2187 per
675 2123 771 2167 omne
793 2103 872 2167 illud
894 2114 1025 2186 tempus
1046 2106 1270 2169 intermissum
1291 2105 1500 2171 instaurasse
1521 2106 1670 2171 traditur.
1715 2108 1785 2173 Sed

167 2216 272 2278 missa
303 2211 402 2274 etiam
431 2210 543 2272 blesis·
573 2216 707 2290 aetate,
739 2206 853 2269 nescio
885 2225 928 2269 an
967 2204 1128 2289 ejusmodi
1161 2208 1245 2271 ritus
1267 2226 1311 2271 cx
1343 2210 1415 2273 sola
1445 2209 1519 2289 ejus
1547 2208 1633 2292 quod
1665 2210 1698 2274 ιιι
1730 2210 1795 2283 illo,

169 2317 262 2380 exitu
283 2312 445 2376 accidisse
467 2311 570 2373 fertur
583 2311 894 2392 memoriaunquam
908 2308 1015 2373 videri
1026 2310 1132 2392 possit
1142 2328 1221 2373 esse
1232 2321 1336 2376 ortus.
1380 2310 1541 2395 Quicquid
1564 2313 1650 2375 enim
1664 2313 1786 2377 illitri·

168 2420 266 2499 buas,
285 2417 417 2479 minime
436 2422 545 2477 tamen
568 2414 673 2497 liquet
693 2430 795 2493 quare
815 2430 874 2493 per
896 2423 1059 2494 septem
1082 2408 1153 2476 dies
1176 2413 1415 2477 continuandus
1441 2415 1485 2476 sit
1499 2433 1692 2498 azymorum
1706 2433 1787 2479 esus

169 2539 235 2606 quo
257 2521 379 2582 unius
400 2516 465 2579 diei
487 2516 651 2579 recolatur
671 2515 845 2596 memoria3
877 2524 913 2577 et
932 2534 1036 2598 quare
1057 2520 1154 2579 tanta
1172 2516 1266 2596 panis
1288 2515 1478 2579 fermentati
1499 2518 1614 2607 religio
1631 2516 1731 2580 luerit
1751 2527 1790 2582 ιιι

170 2640 278 2708 poena
299 2620 432 2701 capitali
452 2617 719 2698 interdiceretur,
748 2634 856 2699 neque
877 2635 960 2680 usus
989 2627 1117 2682 tantum
1148 2616 1286 2680 sedvel
1318 2628 1518 2700 conspectus
1549 2618 1789 2702 prohiberetur,

168 2729 341 2808 ipsumque
364 2721 558 2782 fermentum
580 2738 716 2801 prorsus
739 2718 909 2783 demedio
932 2718 1109 2784 tollendum
1131 2729 1233 2783 esset.
1275 2720 1394 2804 Neque
1416 2720 1478 2784 hoc
1500 2721 1596 2785 facile
1623 2720 1788 2806 intelligas

171 2822 332 2911 quomodo
354 2831 422 2884 tam
444 2820 576 2883 diversa
597 2822 630 2882 in
654 2821 743 2882 iliius
765 2819 877 2885 exitis
903 2824 1071 2887 memoria:
1107 2822 1295 2887 intermissa
1323 2821 1452 2906 quidem
1481 2824 1687 2888 fermentatio
1715 2843 1790 2887 cum

171 2926 366 2991 liberatione
387 2942 430 2985 ex
451 2923 736 3007 primogenitorum
758 2920 850 2985 clade
871 2956 912 2971 ··-
935 2912 1003 2989 tam
1025 2924 1100 2988 leve
1121 2934 1321 2989 momentum
1353 2945 1427 2989 cum
1462 2936 1529 2991 tam
1563 2928 1659 3010 gravi
1690 2960 1732 2973 -
1753 2928 1788 2989 in

174 3032 270 3094 unius
291 3023 377 3089 ritris
397 3024 552 3109 conjungi
574 3027 741 3108 potuerint
761 3026 965 3091 societatem.
1042 3030 1045 3035 '

258 3130 370 3212 Leges
393 3138 503 3191 autem
524 3128 580 3190 ubi
601 3128 686 3191 baec
707 3127 748 3191 de
769 3130 899 3212 azymis
909 3139 944 3192 et
955 3129 1086 3192 Pascha
1106 3128 1268 3193 habentur
1279 3129 1386 3192 Exod.
1398 3120 1492 3213 capp.
1506 3131 1556 3196 ta.
1569 3128 1621 3212 13,
1640 3130 1791 3212 quamvis

172 3233 220 3295 illi
242 3249 340 3314 quam
361 3232 464 3312 primo
485 3231 557 3293 loeo
578 3231 787 3294 exhibuimus
808 3230 850 3294 de
871 3231 969 3294 iestis
996 3232 1062 3315 legi
1082 3232 1146 3295 Ex.
1168 3232 1223 3313 23,
1246 3232 1287 3295 14
1311 3250 1403 3316 seqq.
1431 3233 1486 3315 (et
1508 3234 1665 3296 universo
1688 3230 1792 3299 codici

174 3335 206 3396 in
232 3352 296 3417 quo
317 3334 457 3395 habetur
479 3334 543 3397 Ειι.
565 3351 656 3416 capp.
677 3332 827 3417 21-23)
849 3334 1046 3416 antiquitate
1067 3332 1331 3417 aequiparandae
1356 3354 1421 3398 non
1451 3336 1533 3418 sint,
1565 3344 1676 3400 tamen
1705 3336 1793 3400 inter

175 3436 378 3518 antiquiores
400 3445 435 3499 et
456 3436 513 3499 vel
533 3424 777 3519 antiquissimos
798 3434 1018 3500 Pentateuchi
1037 3435 1148 3501 fontes
1168 3436 1363 3502 referendae
1385 3448 1473 3503 sunt.
1517 3438 1629 3503 It'acile
1651 3439 1794 3502 enimin

174 3537 240 3619 bis,
261 3536 302 3600 de
323 3538 452 3621 azymis
473 3540 680 3622 praesertim,
699 3539 891 3623 agnoscitur
912 3538 1137 3602 Blohistae
1157 3540 1244 3603 illius
1271 3559 1409 3623 manus,
1438 3542 1657 3625 antiquissimi
1683 3556 1793 3605 rerum

175 3640 396 3703 Mosaiearum
418 3642 599 3723 scriptoris,
620 3660 716 3724 quem
746 3650 878 3704 constat
904 3642 1008 3722 prima
1030 3639 1156 3722 jecisse
1184 3643 1404 3706 Pentateuchi
1431 3642 1664 3728 fundamenta3
1696 3640 1793 3721 eujus

176 3741 309 3826 quidem
330 3743 488 3805 formulae
510 3744 718 3824 mitissimae,
755 3744 790 3806 in
819 3743 942 3806 Genesi
973 3741 1064 3823 (cap.
1092 3743 1171 3808 liet
1200 3743 1256 3825 1⁷)
1273 3743 1344 3825 jam
1377 3745 1494 3809 obviae
1526 3780 1568 3793 -
1596 3745 1692 3809 velut
1723 3756 1795 3837 nprq

176 3842 268 3934 abia,
289 3841 451 3928 ceren-rt,
472 3863 539 3913 narr
561 3856 634 3913 cun
658 3858 757 3923 baar,
778 3862 865 3913 ιιι-ι
887 3846 971 3913 ιιι-ι
994 3859 1114 3911 sanabat
1142 3846 1183 3909 al.
1207 3879 1266 3928 -,
1299 3865 1340 3910 ac
1360 3849 1552 3913 universum
1574 3847 1645 3911 fere
1666 3843 1801 3921 dicendi¹

177 3965 286 4032 genus
308 3945 572 4029 deprehenditur.
615 3946 669 4011 Ex
692 3966 757 4031 quo
780 3947 928 4031 sequitur
949 3967 999 4009 ne
1025 3949 1066 4010 in
1094 3949 1415 4030 antiquissimis
1443 3949 1606 4031 quidem
1634 3947 1797 4010 Penta·

178 4048 318 4113 teucbi
339 4052 616 4114 monumentis
637 4051 893 4133 primitivam
923 4068 969 4112 ao
990 4066 1129 4111 veram
1149 4050 1295 4112 haberi
1317 4050 1523 4115 festorum
1552 4050 1723 4113 formam
1754 4058 1797 4113 et

178 4153 403 4235 rationem3
439 4155 515 4217 sive
542 4153 630 4218 illam
659 4171 724 4215 non
752 4153 941 4234 acceperint
962 4152 1137 4237 integram,
1158 4154 1232 4215 sive
1254 4163 1368 4218 textus
1397 4172 1509 4217 eorum
1538 4162 1713 4235 corruptus
1741 4152 1796 4214 ιιι.

178 4254 291 4334 Atque
311 4250 400 4319 idem
426 4256 527 4319 etiam
547 4254 718 4333 dicendum
747 4255 790 4318 de
816 4255 857 4318 iis
881 4256 1023 4336 quaein
1051 4256 1155 4336 prima
1175 4254 1232 4318 illa
1258 4257 1321 4319 bix.
1342 4256 1396 4338 ιθ,
1420 4255 1462 4318 14
1482 4272 1575 4338 seqq.
1603 4270 1797 4339 azymorum

179 4356 268 4418 festo
288 4356 419 4438 adjecta
440 4359 610 4443 leguntur:
631 4354 931 4443 „quemadmodum
949 4355 1106 4441 praecepi
1128 4354 1216 4423 altr
1243 4366 1278 4423 et
1297 4376 1402 4439 „nom
1423 4355 1490 4422 *toa
1503 4358 1654 4442 (mense)
1677 4353 1799 4421 eniteat

179 4470 226 4539 ιι·
246 4456 440 4543 Aegypto&
462 4480 547 4544 quae
561 4460 655 4543 [forte
677 4479 736 4543 pro
757 4458 965 4542 interpolatis
985 4458 1147 4533 habenda.

263 4561 342 4625 Jam
363 4564 393 4625 si
414 4563 509 4647 leges
528 4564 616 4625 istae
638 4562 680 4626 de
701 4563 832 4626 Pascho
852 4570 888 4625 et
909 4563 1037 4653 azymis
1059 4562 1205 4627 neeloco
1219 4579 1280 4626 suo
1297 4570 1332 4625 et
1348 4563 1564 4645 temporique
1577 4563 1666 4625 latae
1681 4560 1797 4641 ferun-7

179 4671 234 4727 tur
255 4672 365 4753 aptae,
386 4680 450 4729 nec
470 4674 566 4731 textu
587 4674 623 4728 ιι
643 4676 838 4748 argumento
858 4667 1024 4749 genuinae
1044 4676 1089 4737 et¹
1105 4666 1256 4748 integrae
1283 4662 1453 4729 habendae
1481 4675 1578 4745 sunt,
1613 4663 1675 4727 sed
1696 4664 1798 4728 multo

178 4774 258 4849 post
277 4776 403 4831 temere
424 4770 526 4831 rebus
540 4768 761 4852 Aegyptiacis
772 4769 920 4830 insertae
934 4776 970 4830 ιι
982 4768 1029 4830 illi
1041 4768 1179 4849 tempori
1200 4766 1464 4831 accommodatae
1484 4786 1525 4831 ac
1543 4766 1614 4830 lere
1634 4764 1798 4830 detortae:

179 4868 415 4941 collabitur
433 4871 589 4935 :emnia
608 4888 734 4937 aarum·
754 4888 840 4954 quae
867 4868 911 4933 de
937 4870 1102 4954 arigius
1130 4870 1173 4932 ιιΞ
1191 4868 1360 4934 ratione
1385 4872 1559 4954 utriusque
1584 4868 1728 4934 instituti
1753 4868 1799 4931 ibi
