3894 5274
189 1571 236 1664 Β.
275 1569 329 1663 llo
360 1568 543 1661 lestonnnr
565 1565 800 1660 etloriannn·
828 1564 958 1660 ordine
989 1567 1028 1660 in
1066 1566 1230 1662 coeteris
1262 1567 1506 1663 Pentoteuoii
1537 1571 1646 1667 libris
1678 1575 1798 1670 obvio.

272 1841 310 1938 ln
336 1877 479 1940 caeteris
508 1874 725 1937 Pentateuchi
755 1875 845 1936 libris
877 1874 945 1957 jem
974 1878 1163 1937 universum
1192 1876 1350 1940 festorum
1380 1889 1647 1960 caeterorumque
1673 1882 1798 1946 dierum

188 1997 355 2042 sacrorum
378 1996 497 2061 agmen
527 1975 827 2057 comprehenditur,
856 1979 911 2075 ubi
940 1979 1141 2059 temporibus
1164 1982 1234 2041 suis
1256 1998 1295 2043 ac
1316 1982 1432 2043 ritibus
1455 1983 1639 2044 accuratius
1662 1983 1798 2049 delinita

187 2091 222 2142 et
235 2100 293 2162 per
309 2083 384 2143 enni
406 2082 517 2142 orbem
539 2080 700 2161 aequabili
721 2079 834 2142 ordine
855 2078 1026 2162 disposita,
1048 2083 1169 2163 possim
1192 2083 1291 2145 etiam
1314 2092 1412 2145 aucta
1434 2093 1468 2145 et
1489 2083 1606 2147 relicta
1627 2100 1797 2167 apparent.

185 2182 250 2261 Qui
271 2183 349 2246 ordo
372 2194 407 2246 et
428 2184 517 2245 orbis
539 2182 725 2244 trinumeri
748 2184 986 2261 septenarii
1009 2183 1078 2244 lere
1100 2202 1243 2246 normam
1265 2194 1405 2246 exactus
1435 2187 1596 2269 cernitur,
1624 2207 1643 2250 a
1665 2191 1797 2268 septimi

186 2285 316 2367 quidem
350 2285 414 2348 diei
442 2287 597 2367 religione
628 2283 838 2364 (Sabbatho)
867 2304 923 2365 per
951 2284 1074 2366 graduis
1111 2284 1152 2347 ad
1179 2287 1451 2368 septimanarum,
1488 2291 1666 2371 mensium,
1701 2291 1797 2353 deni-

184 2407 249 2468 que
270 2407 445 2469 annorum,
473 2390 548 2469 quin
577 2388 820 2468 septenniorum
849 2386 1083 2449 hebdomadem
1112 2396 1147 2449 et
1175 2389 1370 2451 sabbathum
1399 2391 1509 2453 evecti
1518 2392 1557 2470 ¹).
1609 2395 1646 2454 ln
1677 2393 1795 2474 quibus

156 2502 294 2569 ,temen
316 2492 503 2555 Levitici
526 2500 561 2554 et
581 2491 848 2554 Numerorum
870 2490 942 2550 libri
963 2489 1184 2572 distinguendi
1205 2509 1225 2552 a
1246 2491 1583 2557 Deuteronomio.

599 2732 626 2811 i.
677 2731 787 2830 Leges
819 2727 852 2808 in
883 2727 1077 2811 Levitico
1109 2732 1143 2812 et
1174 2729 1380 2813 Numeris.

265 2882 314 2943 lbi
335 2881 456 2962 duplex
479 2893 592 2945 exstat
615 2883 655 2944 de
678 2883 794 2946 diebus
816 2884 921 2945 sacris
943 2883 1088 2945 edictum
1110 2883 1273 2965 divinum,
1306 2883 1424 2966 quibus
1444 2885 1663 2966 amplissimus
1685 2888 1794 2950 festo-

178 3004 252 3046 rum
273 3003 432 3048 recensus
453 2995 489 3047 et
504 2986 582 3048 ordo
604 2986 789 3049 exhibetur.
832 2984 975 3063 Quorum
996 2984 1139 3047 alterum
1152 2983 1230 3050 Leo.
1245 3006 1314 3068 cap.
1329 2987 1372 3049 23
1394 2987 1465 3049 (lies
1486 2989 1578 3067 ipsos
1600 2995 1793 3069 praesertim

175 3088 235 3171 ,vel
256 3098 442 3168 tempora
464 3106 587 3151 sacra
608 3088 852 3170 (nornnullorum
874 3089 973 3150 etiam
996 3085 1117 3149 additis
1139 3089 1332 3169 quibusdam
1353 3089 1491 3170 ritibus)
1507 3102 1675 3173 recenset3
1697 3094 1786 3155 alte-

179 3209 251 3250 rum
279 3187 382 3251 Num.
406 3208 497 3270 capp.
520 3191 564 3254 28
584 3202 618 3254 et
640 3191 685 3252 29
710 3189 935 3252 sacrificia
956 3191 990 3249 iu
1012 3205 1141 3269 quoque
1161 3189 1327 3253 offerenda
1349 3190 1465 3252 delinit
1486 3190 1600 3252 eodeni
1618 3193 1739 3256 ordine.

833 3378 862 3440 1.
905 3373 983 3438 Len.
1006 3393 1076 3456 cap.
1098 3374 1150 3438 23.
1261 3420 1263 3424 ι

262 3497 335 3558 Hoc
355 3497 432 3578 quiol
454 3499 660 3578 potissimum
682 3506 814 3578 spectet
835 3499 906 3576 ipso
928 3497 1033 3556 innuit
1055 3493 1190 3556 exordio
1212 3515 1244 3556 v.
1266 3496 1301 3560 2:
1323 3542 1343 3578 „
1352 3494 1483 3582 loquere
1505 3495 1550 3558 nd
1565 3491 1656 3578 filios
1677 3497 1792 3560 lerna·
1879 3506 1882 3511 “

179 3592 336 3663 lieetdic
350 3598 400 3662 eis
419 3603 606 3681 temporo
626 3603 744 3662 statu
764 3594 950 3661 coetibus
971 3593 1067 3659 Jtot
1097 3595 1190 3679 (niun
1213 3599 1347 3689 speie),
1375 3616 1453 3683 qnos
1474 3596 1689 3662 convocabitis
1710 3619 1790 3662 con-

176 3697 361 3763 vocationes
395 3702 599 3782 (conciones)
627 3715 746 3764 sacrae
773 3701 864 3788 (κύῃ)
890 3711 996 3788 *pppis
1019 3700 1085 3786 noph
1106 3711 1211 3791 steppo]
1240 3702 1307 3763 ntis
1334 3698 1371 3781 “3
1393 3709 1428 3761 et
1454 3720 1487 3762 v.
1510 3700 1548 3761 4:
1581 3698 1686 3781 ‚‚lruec
1712 3705 1792 3762 sunt

175 3803 326 3882 tempora
354 3807 444 3866 statu
465 3799 607 3868 coelibus
624 3798 721 3883 net,
748 3797 991 3865 convocationes
1011 3817 1129 3862 sacrae
1156 3818 1238 3884 quos
1265 3798 1481 3864 convocabitis
1506 3805 1691 3884 ternpore
1719 3820 1790 3862 ouo

174 3906 287 3967 stato
308 3904 505 3991 (buinath
548 3905 611 3969 Ubi
624 3904 820 3966 vocabulum
842 3905 922 3982 epiro
943 3903 977 3963 in
997 3901 1135 3963 formula
1156 3919 1234 3968 hta*
1256 3916 1370 3982 tutin,
1391 3904 1511 3983 quippe
1532 3921 1616 3984 quae
1629 3903 1789 3982 explane-

173 4015 229 4067 tur
252 4006 426 4086 subjunote
447 4002 526 4089 stup
554 4020 684 4086 qrihtet:
714 4016 749 4067 et
770 4018 922 4071 cutim
944 4017 1008 4069 butt
1028 4017 1128 4085 inupti
1150 4007 1232 4083 uun,
1262 4013 1436 4084 utrumque
1464 4007 1609 4067 cernitur
1637 4022 1789 4084 compre-

174 4108 321 4170 hendere
341 4110 428 4190 quod
458 4111 652 4172 aelfestum
679 4108 843 4189 pertinere
870 4116 1021 4168 constat:
1050 4114 1085 4166 et
1112 4105 1353 4166 concionem
1380 4124 1541 4168 sacram
1569 4116 1604 4168 et
1631 4114 1788 4168 statum

177 4297 592 4310 -ι--υ-ι--ι--η

246 4418 276 4476 t)
300 4419 342 4466 Do
359 4417 510 4480 septenarii
528 4415 634 4468 numeri
651 4414 754 4465 virtute
772 4416 800 4464 et
817 4414 969 4478 religione,
993 4423 1073 4474 qnam
1090 4412 1238 4462 universae
1255 4411 1410 4475 antiquitati
1428 4424 1595 4461 communem
1612 4411 1751 4473 videmus,
1769 4423 1787 4461 a

170 4502 280 4552 lunae
298 4503 525 4554 conversionibus
544 4501 605 4552 sine
622 4501 704 4552 dubio
720 4501 911 4564 repetendam,
929 4496 1006 4549 multi
1029 4501 1094 4547 sunt
1111 4500 1223 4547 veteres
1241 4498 1403 4561 scriptores,
1423 4498 1480 4546 turn
1500 4496 1599 4546 Graeci
1616 4501 1645 4546 et
1660 4497 1787 4559 Romani,

171 4599 290 4650 quorum
308 4587 391 4638 etiam
410 4587 476 4639 libri
498 4590 532 4639 rie
550 4600 583 4639 eo
608 4586 767 4651 singulares
791 4586 934 4648 feruntur,
960 4585 1017 4631 torm
1036 4593 1103 4645 prae
1127 4583 1244 4631 caeteris
1264 4584 1372 4635 Plotio
1395 4583 1489 4632 libello
1509 4595 1573 4646 περι
1588 4576 1720 4651 ἐβδομης,
1743 4582 1787 4629 uni

168 4673 249 4723 festa
263 4675 346 4725 liebr.
371 4672 407 4722 ad
431 4673 507 4723 iilius
524 4686 647 4726 normam
669 4668 804 4734 exposuit.
841 4671 960 4731 Quorum
978 4668 1056 4717 loom
1075 4674 1103 4720 t.
1121 4669 1192 4731 apud
1209 4667 1386 4718 Banrtum
1402 4666 1431 4715 in
1449 4667 1516 4718 diss.
1544 4667 1597 4729 „rt
1616 4667 1695 4718 hebr.
1713 4667 1787 4718 Sao-

169 4760 244 4811 bctlt
261 4773 290 4810 n.
307 4761 335 4812 oi.
351 4757 571 4826 Notionntreste
587 4760 637 4812 ries
652 4768 722 4809 enos.
741 4752 873 4807 Uattm“
897 4754 917 4805 l.
934 4766 958 4803 c.
976 4766 1001 4814 p.
1020 4752 1177 4805 tas-tae.
1214 4753 1351 4815 Quaedam
1367 4743 1453 4802 'etiam
1478 4752 1550 4814 spuo
1567 4746 1786 4814 sponsorem

169 4845 300 4912 cosmi
313 4845 399 4899 fleur.
418 4848 487 4898 ruti
502 4847 601 4909 tocsp.
617 4845 648 4898 cr
667 4832 772 4906 pets.
789 4841 833 4891 et.
850 4838 926 4903 urps.
1250 4870 1255 4877 .
1326 4904 1342 4966 ¹
