3894 5274
190 551 258 620 sitit
284 546 359 631 lege
389 554 542 633 beves,
561 554 603 616 16
623 572 713 634 seqq.
743 553 887 635 (simodo
911 555 997 616 illam
1020 553 1086 615 huc
1107 555 1237 615 trahere
1260 554 1355 632 licet,
1377 552 1419 614 de
1440 571 1505 633 quo
1528 573 1588 615 suo
1611 555 1684 623 loco,
1704 553 1824 633 dispu-

190 657 328 740 tabitur)
351 656 560 736 adumbrato,
582 659 636 737 qni
656 657 775 718 oblatis
798 657 1002 736 potissimum
1026 655 1153 718 duobus
1176 657 1314 736 panibus
1345 675 1388 716 cx
1417 667 1552 717 recente
1582 655 1687 719 lerina
1715 657 1822 718 coctis

192 764 394 838 continetur,
428 755 523 824 munh
556 772 666 842 ceques,
701 770 735 820 et
763 762 867 846 resjptr,
894 774 986 845 rupem
1014 757 1121 819 dictis.
1179 760 1252 821 Hoc
1282 760 1382 840 igitur
1412 759 1534 820 iestnm
1562 777 1636 822 cnm
1668 758 1707 821 ad
1733 759 1822 838 pri·

191 866 336 928 critias
365 863 495 944 frugum
525 862 683 942 cujusquo
713 863 808 936 anui,
844 870 884 922 nt
911 863 1085 940 primorum
1114 863 1191 922 crini
1213 872 1448 941 proventuum,
1469 880 1514 922 ex
1536 862 1610 943 lege
1632 881 1664 922 v.
1686 861 1727 925 19
1749 861 1820 923 Dee

192 963 378 1030 offerendas
406 965 604 1046 intelligatur
632 966 811 1042 pertinere:
854 965 1012 1041 altorum,
1049 963 1082 1023 in
1111 963 1198 1043 „linc
1228 964 1326 1025 arrrri‘⁴
1355 965 1588 1041 coustitutum,
1622 983 1718 1045 „eum
1741 981 1823 1045 pro·

191 1079 315 1132 uentus
346 1079 455 1129 terrae
488 1085 530 1128 ex
562 1084 677 1145 campo
703 1066 863 1128 collectus
894 1065 941 1146 (in
974 1066 1092 1127 horrea
1119 1063 1292 1145 receptus)
1322 1065 1458 1144 inerit“‚
1498 1065 1540 1127 ad
1572 1069 1823 1128 universum

191 1175 286 1236 anui
319 1181 566 1251 preventum
599 1168 738 1248 ejusque
773 1186 917 1230 messem
952 1171 983 1228 in
1018 1169 1135 1230 horrea
1166 1171 1332 1230 invectam
1374 1167 1602 1231 celebrandam
1644 1169 1821 1249 pertinere,

191 1286 293 1356 atquc
315 1275 390 1335 hinc
412 1290 530 1333 nomeu
549 1285 650 1358 ipsam
672 1272 782 1350 ’πίε
799 1271 915 1332 Graec.
953 1266 1140 1350 ceryacprdp
1176 1270 1335 1350 καρπων)
1359 1273 1512 1332 sortitum
1547 1289 1625 1332 esse
1661 1271 1822 1350 sequitur.

191 1378 280 1441 Nam
313 1395 387 1438 cum
418 1391 480 1464 qen
503 1375 630 1452 proprie
653 1374 911 1453 sitrecipere
941 1374 979 1434 in
1013 1373 1169 1434 domum
1205 1374 1312 1453 quod
1346 1385 1467 1459 extra
1501 1383 1585 1452 est,
1626 1371 1714 1454 qnod
1743 1373 1776 1435 b.
1798 1373 1822 1433 l.

193 1482 342 1543 obtinere
368 1479 432 1539 -vel
464 1477 614 1555 apposito
647 1491 716 1550 „aa
738 1478 877 1555 campo“
898 1475 1122 1556 significatur:
1149 1471 1244 1555 'patet
1278 1493 1376 1554 qnam
1405 1484 1518 1554 aptum
1553 1475 1587 1538 id
1619 1494 1738 1537 nomen
1775 1475 1823 1536 sit

191 1583 354 1647 fructibus
387 1598 414 1640 s.
448 1589 556 1640 terrae
589 1578 806 1656 proventibus
838 1596 888 1638 ex
919 1595 1059 1658 campe
1092 1579 1309 1639 inhorreo
1336 1579 1526 1643 invectis
1559 1597 1587 1640 s.
1617 1576 1822 1657 conditis,

193 1696 230 1751 ct
261 1685 355 1747 festo
381 1681 582 1742 anctumnali
616 1697 678 1759 que
715 1678 746 1739 id
769 1679 907 1741 feliciter
941 1691 1133 1761 peractum,
1177 1700 1220 1742 cx
1243 1681 1383 1742 oninium
1406 1680 1476 1742 fere
1506 1682 1696 1762 populorum
1719 1697 1822 1762 merc,

189 1798 285 1874 grata
318 1795 428 1846 mente
461 1793 496 1844 et
527 1783 617 1844 laeta
658 1781 843 1843 festivitate
875 1784 1077 1861 celebretur,
1122 1773 1277 1862 tanquam
1317 1783 1467 1845 clausula
1503 1793 1536 1844 et
1567 1785 1699 1845 coronis
1743 1783 1822 1844 nni-

192 1909 292 1955 verso
316 1906 400 1950 anno
423 1884 562 1967 ejusque
584 1885 751 1946 laboribus
775 1894 810 1945 et
833 1886 1002 1948 beneflciis
1032 1887 1194 1965 imposita.
1244 1883 1337 1963 Quae
1359 1904 1432 1947 cum
1455 1890 1501 1947 ita
1523 1888 1608 1964 siut,
1646 1884 1823 1948 discrimen

190 1994 276 2069 inter
299 1991 422 2053 festum
445 1997 619 2067 utrumque
641 1987 703 2048 hoo
732 1990 968 2049 intercessisse
997 1987 1147 2067 videtur,
1185 1997 1220 2048 nt
1249 1989 1340 2068 prins
1367 1987 1464 2068 illud,
1498 1989 1528 2050 h.
1557 1988 1577 2050 l.
1606 2007 1626 2049 a
1656 1987 1823 2070 frugum

191 2113 343 2173 messe,
378 2093 488 2172 aptius
517 2108 596 2151 vero
626 2091 666 2151 ab
689 2081 810 2152 herum
840 2092 1042 2170 primitiis
1071 2091 1142 2152 Dee
1173 2090 1292 2152 oblatis
1321 2089 1455 2169 dictum,
1485 2092 1637 2170 quoniam
1659 2099 1764 2153 totum
1786 2092 1823 2152 io

191 2201 289 2262 nnius
312 2195 375 2257 diei
405 2194 621 2271 oblatione
646 2194 853 2272 versabatur,
875 2193 1026 2274 primitiis
1047 2195 1123 2253 anui
1152 2194 1244 2272 (scil.
1268 2194 1405 2274 panibus
1427 2194 1633 2272 recentibus)
1664 2193 1737 2255 Deo
1765 2194 1821 2272 pie

116 2378 119 2387 Ι
192 2297 369 2365 efferendis
404 2306 438 2359 et
477 2294 711 2356 consecrandis
748 2296 812 2357 rite
846 2293 1176 2377 inauguraudam
1208 2305 1242 2356 ot
1271 2296 1517 2358 sacrandam
1545 2304 1714 2376 spectaret
1738 2312 1820 2376 prc-

191 2408 353 2466 seirtnum
375 2416 556 2461 annuorum
578 2408 722 2459 messem
745 2396 1482 2477 Quintianis-efferendum:
1511 2399 1649 2460 alterum
1671 2412 1698 2460 a
1713 2417 1820 2461 cen-

192 2504 324 2569 dende
346 2504 387 2563 in
408 2501 557 2562 horrea
579 2510 613 2561 et
635 2500 865 2562 thesauros
889 2498 1027 2578 dictum,
1050 2500 1187 2561 feliciter
1218 2511 1435 2581 peractam
1464 2502 1761 2581 gratulatione
1778 2509 1822 2564 et

192 2607 459 2685 festivitate,
492 2621 550 2683 pro
580 2605 652 2682 ojus
682 2612 791 2664 metae
822 2601 964 2681 ratione,
998 2612 1075 2681 apte
1102 2604 1294 2664 celebraret.
1337 2604 1411 2665 Hoc
1433 2605 1531 2684 igitur
1553 2603 1660 2664 solum
1684 2585 1820 2665 iestnm

191 2711 387 2774 messorium
417 2716 470 2768 est
499 2703 573 2785 ejus
603 2706 736 2788 generis
765 2701 850 2784 quod
878 2703 963 2782 apud
987 2713 1138 2765 caeteros
1160 2706 1297 2784 populos
1319 2704 1604 2783 deprehendimus.
1634 2737 1676 2750 ·-
1720 2703 1819 2782 Quot

192 2823 304 2877 autom
325 2810 358 2871 id
380 2811 413 2870 in
436 2811 561 2888 „anni
583 2807 702 2870 finci
723 2808 837 2887 (attin
855 2807 961 2886 aasz)
984 2807 1214 2887 constituitur,
1229 2808 1346 2869 hoc-et
1367 2809 1473 2887 ipsum
1491 2807 1706 2887 antiquiorem
1717 2804 1818 2888 hujus

182 2914 394 2978 'monumenti
422 2919 567 2972 oetatem
596 2909 744 2973 redolere
772 2908 1665 2990 trideturfflfflmmffldiwsalcw.
1729 2909 1819 2977 Nam

191 3022 268 3083 oum
288 3017 351 3077 Ex.
377 3013 428 3094 ta,
449 3015 471 3076 2
492 3013 555 3075 Dei
572 3011 672 3092 jussu
696 3007 760 3072 unia
782 3029 857 3073 eum
879 3012 998 3074 Paschi
1022 3013 1223 3074 institutione
1246 3005 1523 3075 mousis³Abhibh
1537 3013 1660 3093 primus
1675 3013 1819 3087 omnium

191 3130 228 3184 ct
248 3129 349 3198 caput
370 3117 447 3177 enni
469 3112 721 3177 constituendus
744 3112 871 3176 dicatur
892 3147 937 3159 --
958 3132 1054 3194 quem
1076 3115 1219 3176 ordinem
1242 3135 1301 3195 per
1330 3125 1435 3177 totum
1464 3115 1506 3178 V.
1529 3118 1566 3178 Τ.
1587 3117 1818 3195 'tenpus-eb-

191 3230 364 3287 scrvatum
385 3217 536 3280 videmus
559 3238 616 3277 -ι
639 3217 700 3278 hoc
722 3216 793 3277 loce
815 3217 1006 3296 antiquioris
1029 3215 1150 3278 orditus
1172 3219 1351 3299 vestigium
1373 3216 1505 3280 videtur
1534 3226 1720 3298 servatum,
1744 3236 1818 3298 quo

190 3342 298 3397 conus
320 3330 457 3383 naturae
480 3319 731 3384 convenientius
753 3319 795 3381 ab
819 3319 926 3380 hiemo
949 3328 984 3378 ct
1006 3320 1135 3380 satione
1158 3317 1443 3398 (quemadmodum
1466 3320 1535 3383 dies
1566 3338 1587 3381 a
1609 3321 1724 3398 nocte)
1747 3321 1816 3382 ini-

191 3431 272 3491 tium
309 3424 461 3503 duceret,
498 3432 532 3483 ct
562 3432 738 3484 auctumno
762 3430 837 3502 post
859 3422 968 3483 illatas
990 3410 1116 3482 horreis
1145 3440 1274 3483 messes
1294 3422 1674 3502 «festoque-seleheim
1699 3422 1818 3484 ter'mi-

192 3526 396 3607 naretur15).

275 3662 371 3743 Quod
393 3670 505 3724 antem
527 3660 628 3739 prime
649 3660 719 3723 leco
742 3659 943 3723 affertur'az
952 3679 1128 3742 ymerum
1151 3659 1274 3723 festum
1296 3661 1447 3742 quoniam
1463 3661 1528 3721 ritu
1551 3671 1584 3721 et
1612 3647 1739 3723 rationo
1754 3680 1818 3726 sua

190 3785 235 3831 ex
257 3767 320 3829 hac
341 3769 413 3846 ipsa
435 3764 509 3845 lege
527 3764 667 3824 mimimo
690 3764 801 3843 liquet,
822 3763 952 3825 aliunde
974 3761 1187 3844 repetendum
1209 3765 1363 3841 cernitur,
1385 3761 1469 3843 qnod
1492 3765 1564 3841 ipsa
1586 3764 1685 3825 etiam
1695 3761 1820 3843 jubent

194 4064 201 4075 ·
235 4042 238 4047 ’
270 4054 317 4112 15)
342 4049 428 4118 cuijus
461 4050 566 4102 ordinis
590 4050 647 4101 alia
671 4051 753 4101 etiam
783 4048 811 4098 in
838 4048 874 4101 V.
893 4050 923 4102 Τ.
948 4051 1071 4114 vestigia
1102 4040 1357 4112 deprehenduntur,
1397 4052 1473 4100 velut
1505 4051 1534 4099 in
1569 4051 1686 4101 historia
1719 4052 1822 4107 diluvii

190 4138 257 4205 Gen.
280 4138 308 4202 ⁷,
333 4140 363 4189 tt
389 4153 479 4201 seqq,
511 4138 658 4200 quodcum
676 4149 693 4186 a
711 4135 831 4185 secundo
856 4134 921 4184 anui
944 4148 1038 4186 meuse
1070 4123 1158 4198 usque
1188 4136 1223 4184 ad
1256 4136 1396 4197 sequentis
1428 4136 1576 4186 secundum
1600 4149 1650 4198 per
1675 4137 1822 4203 integrum

188 4212 289 4276 annum
308 4227 346 4275 ita
366 4227 536 4288 computetur
554 4226 583 4272 ut
600 4235 651 4286 per
668 4222 783 4284 primam
801 4217 861 4282 ejus
881 4223 986 4282 partem
1004 4220 1209 4283 cresceret,
1222 4226 1277 4282 'per
1298 4223 1415 4272 alteram
1432 4221 1536 4271 sensim
1560 4223 1804 4277 decresceret

188 4300 288 4373 duplici
312 4312 377 4360 anni
401 4309 572 4374 tempestati,
604 4306 715 4371 pluviali
741 4309 769 4356 et
786 4306 875 4355 siccae
905 4303 1112 4373 tentorioque,-
1129 4309 1157 4356 et
1174 4302 1357 4371 ἓκπυρωσις),
1382 4307 1612 4357 accommodatum
1634 4320 1696 4357 cum
1722 4281 1823 4363 c'r'ed:

187 4404 265 4448 atero·
275 4397 311 4447 ad
328 4366 492 4512 toalleas)
510 4397 537 4443 et
558 4395 695 4447 detineto
712 4392 747 4442 ad
764 4388 832 4443 Gen.
844 4391 977 4453 etr-dp.
989 4391 1037 4440 1⁰3
1056 4404 1131 4454 seqq.
1142 4393 1315 4442 statnendnm
1330 4393 1448 4456 videtur,
1461 4393 1587 4455 quicquid
1599 4395 1824 4450 contre-moneat

188 4474 316 4535 ducitur
333 4484 368 4532 ad
386 4484 410 4531 b.
422 4483 442 4531 l.
460 4493 521 4530 cum
542 4480 665 4547 Benseyo
684 4477 909 4545 (Monatsnauren
927 4488 1033 4526 excors.
1053 4491 1078 4537 p.
1090 4477 1141 4526 22²
1160 4475 1263 4540 seqq),
1284 4477 1329 4540 qui
1347 4479 1473 4528 uestram
1492 4476 1636 4527 termulam
1650 4475 1824 4542 conjectura

187 4576 285 4632 parum
301 4569 434 4633 probabili
451 4568 540 4618 terrtat
559 4568 587 4616 et
605 4568 730 4630 terqnet.
758 4563 842 4613 Aliud
861 4560 944 4613 anni
956 4558 1170 4612 ¹nabbathici
1182 4554 1314 4614 instituto
1332 4554 1471 4614 co'ntineri
1485 4562 1537 4614 sire
1554 4563 1617 4614 icoo
1635 4562 1814 4625 d'cec'bihi'ml

1182 4843 1195 4888 l
