3894 5274
951 617 971 695 1

156 859 227 922 lere
249 859 335 940 legis
355 857 460 936 ipsius
481 844 715 937 argumentum
732 864 856 918 temere
879 856 1069 935 repetiisset
1090 872 1123 917 ν.
1134 851 1187 915 39.
1230 854 1398 916 Particula
1419 863 1526 916 autem
1538 859 1770 945 1010011011,

156 979 241 1044 quae
263 972 344 1023 sane
366 957 555 1020 definientis
577 966 640 1035 est,
661 959 814 1036 qnoniam
834 957 878 1018 iis
899 958 1080 1037 praemissa
1112 966 1167 1018 est
1204 972 1289 1037 qnae
1311 958 1344 1016 in
1366 958 1586 1037 superioribus
1604 960 1674 1041 jam
1704 962 1768 1024 ha-

157 1067 287 1143 bentur,
309 1063 405 1144 plane
420 1069 503 1140 'post
524 1059 578 1120 illa
600 1057 783 1139 superflua,
811 1058 864 1121 his
885 1066 976 1120 certe
998 1057 1192 1122 deliniendis
1220 1068 1254 1120 et
1281 1059 1494 1138 explanandis
1520 1062 1680 1126 inservire
1707 1084 1771 1126 non

156 1165 304 1250 putanda
324 1173 389 1226 est.
431 1161 558 1223 Deinde
579 1159 665 1242 quod
688 1162 825 1241 tempori
846 1160 926 1224 festi
946 1160 1077 1223 additur
1097 1180 1194 1243 „oum
1216 1157 1401 1224 intuleritis
1417 1168 1610 1242 proventum
1636 1169 1774 1230 terroe‘

157 1271 270 1355 (punct
289 1281 393 1332 cumn
414 1279 459 1328 tut
481 1264 666 1344 ennena),
689 1263 732 1326 ad
754 1266 922 1344 antiquum
943 1263 1019 1326 illud
1043 1266 1151 1344 potius
1175 1265 1252 1327 festi
1281 1281 1399 1323 nomen
1429 1265 1514 1344 quod
1536 1267 1641 1328 uxod.
1664 1267 1772 1348 23,16

156 1372 299 1434 lrsoetnr
318 1383 445 1457 picen
459 1379 515 1446 tn,
537 1375 572 1427 et
588 1365 680 1446 ¹quod
701 1368 733 1427 ei
754 1365 917 1446 adjectum
940 1375 994 1427 est
1022 1369 1204 1456 rame-nn
1232 1379 1361 1454 pecs:
1375 1375 1450 1427 eto.
1477 1368 1568 1446 (coll.
1589 1389 1622 1431 v.
1647 1371 1703 1449 12,
1740 1374 1772 1432 in

156 1475 233 1555 lege
254 1472 330 1533 anni
352 1468 543 1548 sabbathici,
564 1468 620 1528 ubi
641 1477 694 1529 est
715 1479 810 1558 prun
828 1483 932 1531 nutam
948 1483 1027 1555 nun,
1049 1468 1146 1548 plane
1167 1469 1305 1550 01111.)
1328 1469 1493 1549 pertinere
1526 1469 1655 1532 videtur
1677 1490 1774 1553 quam

157 1575 201 1637 ad
223 1574 325 1636 nostri
346 1571 464 1652 capitis
485 1587 603 1630 nomen
625 1583 723 1634 101111.
744 1583 802 1650 tn,
823 1570 855 1632 h.
869 1571 888 1632 l.
902 1589 965 1632 non
989 1571 1138 1650 obvium3
1167 1589 1225 1650 pro
1247 1590 1312 1651 quo
1333 1589 1513 1652 suppresso
1537 1575 1663 1635 nomine
1677 1574 1772 1636 iden-

157 1676 259 1740 tidem
272 1673 349 1735 nihil
364 1670 452 1736 aliud
465 1672 604 1733 habetur
618 1688 714 1751 quarn
737 1687 872 1737 mmm
893 1685 1030 1738 nuttriri
1052 1692 1086 1734 ν.
1097 1671 1141 1736 39
1162 1683 1196 1735 et
1217 1668 1310 1738 cumb
1332 1687 1372 1738 tn
1394 1690 1452 1737 unt
1475 1686 1556 1738 etun
1586 1696 1617 1736 ν.
1636 1676 1689 1758 4l3
1712 1677 1774 1738 ad-

158 1778 237 1840 ditis
257 1778 368 1837 vertis
394 1776 480 1840 mun
499 1788 569 1838 ntur
591 1777 682 1838 nunti
700 1779 845 1855 „septem
867 1770 981 1836 diodus
1000 1792 1076 1855 per
1097 1780 1295 1838 annum:
1317 1777 1412 1855 quusi
1430 1776 1491 1837 hoc
1511 1795 1629 1838 unum
1647 1789 1773 1841 tantum

159 1889 272 1942 exstet
294 1882 368 1940 sine
389 1877 521 1936 nomine
543 1876 674 1937 festum.
719 1875 809 1937 ldem
831 1879 928 1939 etiam
952 1878 1071 1940 suadet
1092 1878 1281 1940 clausula
1303 1897 1335 1938 v.
1352 1880 1394 1938 44
1414 1877 1555 1957 adjecta,
1578 1898 1663 1960 quae
1686 1880 1776 1960 ejus-

159 1981 247 2044 modi
280 1989 391 2043 estut
416 1977 560 2040 mandati
581 1978 709 2057 quidem
735 1978 837 2040 divini
871 1980 983 2041 verbis
1012 2000 1043 2041 v.
1072 1980 1094 2042 2
1116 1990 1140 2029 ‘³
1163 1976 1274 2045 ’tn-bu
1302 1995 1365 2044 mu
1395 1982 1594 2061 respondeat
1622 1983 1775 2061 (perinde

159 2087 232 2148 fere
257 2094 293 2145 ut
313 2083 369 2159 21,
389 2082 464 2161 24),
486 2081 545 2141 sed
568 2098 641 2142 cum
665 2081 720 2141 ille
740 2099 806 2160 qua
827 2100 886 2142 vv.
909 2081 961 2145 37.
983 2082 1027 2144 38
1048 2092 1147 2163 capnt
1168 2093 1315 2143 nostrum
1337 2082 1448 2145 linitur
1471 2087 1505 2148 ‘n
1528 2081 1596 2172 rtis
1609 2093 1670 2145 etc.
1693 2104 1775 2146 con-

161 2200 252 2253 stare
273 2204 336 2247 non
359 2186 476 2265 possit.
521 2183 595 2246 Jam
628 2185 656 2244 si
686 2182 854 2245 dicendi
882 2201 1014 2265 genus
1042 2186 1073 2246 h.
1103 2187 1122 2246 l.
1151 2187 1316 2264 copiosum
1347 2195 1380 2246 et
1408 2188 1617 2248 iterationum
1647 2188 1776 2268 plenum
1823 2186 1824 2190 ’

154 2290 299 2370 'ejusque
322 2287 478 2349 formulas
499 2286 664 2367 attendas,
684 2285 780 2346 facile
802 2286 887 2348 idern
910 2304 1072 2368 agnosces
1094 2285 1178 2367 quod
1202 2288 1234 2347 in
1257 2287 1334 2348 loco·
1356 2285 1396 2348 de
1426 2291 1630 2367 primitiis
1661 2288 1776 2349 ofle-

160 2392 306 2454 reudis
328 2391 514 2453 1119-22
535 2389 728 2470 interpolato
751 2387 1020 2468 deprehenditur:
1043 2391 1115 2450 scil.
1140 2389 1352 2451 Elohisticum
1376 2390 1465 2469 illud,
1487 2393 1518 2451 in
1543 2391 1621 2453 Gen.
1645 2410 1673 2452 c.
1691 2389 1775 2452 9.17

161 2504 198 2556 et
218 2495 348 2576 legibus
370 2491 411 2554 de
432 2492 561 2554 Pasclro
583 2501 618 2553 01
640 2490 901 2572 ηγω10·1110(1.·
919 2491 960 2553 12
983 2492 1022 2554 al.
1045 2493 1213 2555 usitatum.
1256 2491 1381 2553 Verum
1412 2492 1498 2555 idem
1521 2494 1621 2555 etiam
1643 2494 1777 2572 conspi-

161 2598 246 2660 citur
272 2598 307 2656 in
337 2595 407 2657 loco
435 2593 477 2656 de
509 2593 576 2656 die
604 2594 862 2673 expiationis
889 2613 946 2654 vv.
975 2593 1121 2677 att-32,
1142 2596 1198 2675 qui
1221 2604 1255 2656 et
1277 2596 1348 2673 ipse
1370 2596 1513 2658 caeteris
1535 2605 1590 2657 est
1609 2597 1778 2675 copiosior,

162 2718 225 2762 non
249 2708 317 2759 tam
339 2698 439 2758 rebus
460 2714 557 2775 qnam
576 2699 688 2756 verbis
710 2706 743 2756 et
765 2694 893 2756 dicendi
915 2715 1037 2777 genere
1059 2699 1100 2759 ab
1122 2697 1246 2758 illorum
1270 2698 1434 2760 brevitate
1454 2697 1538 2760 satis
1559 2700 1680 2777 alieno,
1718 2714 1778 2757 nec

160 2820 226 2862 non
250 2798 292 2859 de
314 2799 522 2859 sabbatho
544 2796 790 2876 quodammodo,
812 2800 865 2878 qui
889 2809 923 2858 et
947 2799 1017 2876 ipse
1039 2799 1293 2879 interpolatusil)
1316 2799 1454 2863 videtur.
1497 2799 1560 2861 Ubi
1588 2802 1651 2863 hue
1679 2818 1777 2880 prae-

162 2902 277 2965 sertim
299 2899 471 2961 formulae:
495 2894 751 2962 nerninem-bn:
773 2895 911 2963 essen-rb
933 2894 1003 2964 einr
1022 2917 1089 2980 ripn
1111 2921 1142 2962 v.
1156 2901 1187 2962 3.
1205 2903 1253 2962 t4.
1274 2905 1324 2963 11.
1347 2900 1400 2981 31,
1422 2914 1485 2967 utu
1499 2913 1574 2968 eurr
1587 2916 1670 2967 ner:
1681 2922 1713 2962 v.
1727 2900 1777 2960 14.

162 3007 216 3069 21.
234 3005 286 3068 28.
309 3020 420 3085 seqq„
441 3018 525 3066 murt
543 3004 625 3065 uictu
639 3015 755 3065 annau
777 3021 808 3062 v.
831 3002 895 3081 29,
922 3006 1017 3082 trunti
1031 3021 1058 3065 s.
1083 3008 1203 3067 ’150111
1224 3005 1263 3064 de
1287 3006 1339 3065 die
1360 3016 1474 3067 sancto
1496 3017 1531 3065 et
1552 3004 1669 3066 feriato
1692 3023 1723 3064 v.
1746 3002 1777 3062 3.

164 3109 216 3170 24.
237 3106 290 3168 32.
311 3105 366 3185 39,
387 3100 506 3170 navabit
527 3120 599 3168 rnre
623 3120 673 3167 ute
695 3122 728 3165 v.
750 3103 802 3166 21.
824 3102 952 3183 43[01.
976 3112 1008 3168 ‘tt
1029 3119 1103 3169 tutu
1126 3105 1194 3170 *rub
1216 3124 1247 3167 v·
1270 3108 1320 3169 28.
1343 3106 1414 3187 49),
1445 3120 1487 3197 spe
1515 3108 1605 3168 initio
1626 3106 1689 3168 diei
1713 3124 1778 3168 uu-

165 3227 255 3271 mero
287 3210 504 3289 praemissum
537 3224 571 3265 v.
593 3203 636 3266 27
668 3204 783 3283 0139,
825 3206 965 3286 denique
1001 3205 1094 3268 Deus
1129 3210 1230 3288 prima
1267 3219 1407 3289 persons
1436 3211 1573 3290 loquens
1596 3230 1628 3271 v.
1653 3209 1703 3270 10.
1726 3207 1778 3271 22.

165 3311 217 3374 31).
239 3309 290 3373 43.

250 3447 322 3507 Hae
344 3445 445 3527 igitur
467 3445 584 3526 capitis
605 3455 718 3525 partes
739 3479 781 3490 -
802 3443 843 3505 de
865 3445 1026 3506 sabbatho
1054 3464 1087 3505 v.
1110 3443 1149 3525 3,
1185 3444 1225 3506 de
1254 3448 1463 3527 primitiarum
1492 3448 1653 3508 oblatione
1680 3464 1736 3506 vv.
1758 3444 1782 3505 9

166 3549 270 3627 -22,
292 3548 332 3610 de
358 3546 409 3609 die
431 3548 627 3628 expiationis
649 3568 683 3610 v.
703 3544 857 3628 211-32,
878 3546 919 3608 de
941 3549 1196 3609 umbraculorum
1220 3551 1284 3612 ritu
1309 3571 1342 3612 v.
1370 3548 1512 3615 39-43
1540 3568 1614 3611 cunt
1635 3547 1782 3611 clausula

127 3712 140 3753 Ι
166 3672 199 3713 v.
222 3653 265 3712 44
285 3687 327 3698 -
349 3650 499 3732 quoniam
521 3660 587 3711 tam
610 3669 629 3711 a
651 3660 859 3712 caeterarum
878 3652 1004 3712 ratione
1026 3660 1060 3712 et
1083 3653 1207 3731 passim
1229 3655 1328 3714 etiam
1349 3673 1436 3714 nexu
1468 3652 1666 3732 discrepare,
1683 3636 1781 3731 quam

165 3756 250 3817 inter
272 3771 310 3816 se
333 3752 509 3815 convenire
529 3754 773 3836 intelliguntur:
796 3754 962 3834 quaeritur
985 3750 1048 3834 qud
1071 3753 1140 3815 fere
1162 3753 1355 3816 referendae
1376 3758 1454 3837 sint,
1477 3767 1511 3818 et
1533 3757 1662 3817 cuinam
1684 3750 1781 3829 capiti

166 3876 192 3919 s.
217 3856 320 3919 ordini
341 3850 573 3934 deputandae?

252 3994 343 4054 lllcce
364 3992 532 4075 egregiam
553 3990 641 4052 illins
663 3988 725 4052 loci
747 3991 803 4070 qni
825 4000 879 4053 est
899 3991 941 4054 de
964 3994 1172 4072 primitiarum
1196 3993 1359 4054 oblatione
1394 4011 1450 4053 vv.
1474 3993 1591 4073 9-22,
1610 4009 1684 4053 cum
1707 3990 1781 4071 lege

167 4096 336 4158 manno
365 4094 614 4158 sabbathico
643 4101 678 4154 st
695 4090 857 4172 jubileo
879 4113 952 4174 cap.
974 4096 1017 4157 25
1038 4097 1313 4159 convenientiam!
1368 4095 1443 4156 Non
1476 4093 1561 4155 idem
1589 4095 1695 4155 solum
1726 4094 1781 4153 in-

166 4200 285 4260 troitus
309 4192 367 4260 nnb
391 4213 440 4281 pru
463 4213 513 4262 ’tn
533 4199 604 4260 “tuln
626 4192 782 4287 putrui&
804 4212 882 4262 tnnc
907 4214 942 4260 a:
965 4198 995 4258 h.
1009 4198 1028 4258 1.
1051 4216 1083 4259 v.
1098 4198 1139 4259 10
1152 4208 1188 4260 ut
1202 4198 1255 4278 25,
1266 4199 1297 4278 2,
1320 4195 1379 4258 sed
1394 4196 1528 4276 -quod
1553 4196 1781 4257 maximum-

167 4300 281 4363 eadem
303 4301 419 4382 prioris
441 4296 565 4382 graduis
588 4315 661 4360 cum
684 4307 845 4378 sequente
867 4298 1088 4380 necessitudo,
1111 4300 1289 4380 eademque
1311 4301 1344 4361 in
1367 4301 1469 4364 altero
1491 4298 1597 4381 gradu
1620 4308 1781 4379 septem

165 4404 460 4466 sabbathorum
479 4411 513 4464 et
532 4401 976 4484 numeriquinqnaginta
995 4405 1209 4484 computatio:
1227 4402 1477 4481 h.l.diernm,
1500 4402 1554 4463 illo
1569 4418 1780 4479 annorum,

235 4674 266 4741 9)
287 4677 361 4726 lnter
379 4676 468 4726 media
484 4678 555 4727 enirn
577 4677 693 4729 exordia
709 4692 735 4728 v.
747 4679 797 4729 ta
815 4680 843 4728 et
855 4677 1043 4729 v.4insertus
1056 4681 1152 4728 trorum
1170 4691 1269 4728 nexum
1287 4679 1470 4743 interrumpit,
1485 4683 1513 4729 et
1531 4684 1587 4730 tarn
1605 4681 1690 4731 tormt
1702 4691 1781 4743 quam

165 4765 331 4831 argumento
347 4773 366 4813 a
383 4763 503 4813 caeteris
521 4765 714 4826 quodammodo
731 4765 848 4827 recedit,
865 4763 964 4827 quippe
978 4765 1025 4826 qut
1041 4777 1092 4814 nec
1108 4775 1126 4814 u
1143 4765 1268 4827 tempore
1284 4766 1359 4815 stato
1377 4764 1499 4829 incipiat,
1518 4776 1569 4815 nec
1586 4765 1783 4818 sacrificiorum

165 4848 253 4901 tactu
270 4850 443 4900 mentionem.
