<?xml version="1.0" encoding="UTF-8"?>
<!DOCTYPE html PUBLIC "-//W3C//DTD XHTML 1.0 Transitional//EN"
    "http://www.w3.org/TR/xhtml1/DTD/xhtml1-transitional.dtd">
<html xmlns="http://www.w3.org/1999/xhtml" xml:lang="en" lang="en">
 <head>
  <title>
</title>
<meta http-equiv="Content-Type" content="text/html;charset=utf-8" />
  <meta name='ocr-system' content='tesseract 3.04.00' />
  <meta name='ocr-capabilities' content='ocr_page ocr_carea ocr_par ocr_line ocrx_word'/>
</head>
<body>
  <div class='ocr_page' id='page_1' title='image "./sacrachristipas00hupfgoog_0047.png"; bbox 0 0 3894 5274; ppageno 0'>
   <div class='ocr_carea' id='block_1_1' title="bbox 83 470 1787 3696">
    <p class='ocr_par' dir='ltr' id='par_1_1' title="bbox 1077 470 1082 498">
     <span class='ocr_line' id='line_1_1' title="bbox 1077 470 1082 498; baseline 0 0"><span class='ocrx_word' id='word_1_1' title='bbox 1077 470 1082 498; x_wconf 93' lang='lat' dir='ltr'><strong>l</strong></span> 
     </span>
    </p>

    <p class='ocr_par' dir='ltr' id='par_1_2' title="bbox 154 545 1777 1344">
     <span class='ocr_line' id='line_1_2' title="bbox 154 545 1775 629; baseline 0.001 -20"><span class='ocrx_word' id='word_1_2' title='bbox 154 567 225 609; x_wconf 88' lang='lat' dir='ltr'><strong>cnm</strong></span> <span class='ocrx_word' id='word_1_3' title='bbox 247 547 309 610; x_wconf 91' lang='lat' dir='ltr'><strong>hoc</strong></span> <span class='ocrx_word' id='word_1_4' title='bbox 323 565 386 609; x_wconf 93' lang='lat' dir='ltr'><strong>uno</strong></span> <span class='ocrx_word' id='word_1_5' title='bbox 400 547 470 608; x_wconf 90' lang='lat' dir='ltr'><strong>loco</strong></span> <span class='ocrx_word' id='word_1_6' title='bbox 494 547 667 626; x_wconf 79' lang='lat' dir='ltr'><strong>habeatur,</strong></span> <span class='ocrx_word' id='word_1_7' title='bbox 698 547 749 609; x_wconf 87' lang='lat' dir='ltr'><strong>lric</strong></span> <span class='ocrx_word' id='word_1_8' title='bbox 771 545 904 628; x_wconf 86' lang='lat' dir='ltr'><strong>proinde</strong></span> <span class='ocrx_word' id='word_1_9' title='bbox 926 548 1011 610; x_wconf 89' lang='lat' dir='ltr'><strong>inter</strong></span> <span class='ocrx_word' id='word_1_10' title='bbox 1035 548 1234 629; x_wconf 78' lang='lat' dir='ltr'>antiquiores</span> <span class='ocrx_word' id='word_1_11' title='bbox 1256 548 1415 611; x_wconf 86' lang='lat' dir='ltr'><strong>festorum</strong></span> <span class='ocrx_word' id='word_1_12' title='bbox 1439 548 1633 612; x_wconf 77' lang='lat' dir='ltr'><strong>traditiones</strong></span> <span class='ocrx_word' id='word_1_13' title='bbox 1655 567 1775 610; x_wconf 90' lang='lat' dir='ltr'><strong>nnme-</strong></span> 
     </span>
     <span class='ocr_line' id='line_1_3' title="bbox 155 648 1773 734; baseline 0.001 -24"><span class='ocrx_word' id='word_1_14' title='bbox 155 649 277 711; x_wconf 89' lang='lat' dir='ltr'><strong>randus</strong></span> <span class='ocrx_word' id='word_1_15' title='bbox 298 659 368 710; x_wconf 80' lang='lat' dir='ltr'><strong>est·</strong></span> <span class='ocrx_word' id='word_1_16' title='bbox 403 650 577 733; x_wconf 88' lang='lat' dir='ltr'><strong>Singulare</strong></span> <span class='ocrx_word' id='word_1_17' title='bbox 600 658 710 711; x_wconf 91' lang='lat' dir='ltr'><strong>autem</strong></span> <span class='ocrx_word' id='word_1_18' title='bbox 733 648 809 711; x_wconf 84' lang='lat' dir='ltr'><strong>lruic</strong></span> <span class='ocrx_word' id='word_1_19' title='bbox 831 648 918 711; x_wconf 84' lang='lat' dir='ltr'><strong>lesto</strong></span> <span class='ocrx_word' id='word_1_20' title='bbox 940 648 1027 730; x_wconf 92' lang='lat' dir='ltr'><strong>qnod</strong></span> <span class='ocrx_word' id='word_1_21' title='bbox 1049 669 1082 712; x_wconf 90' lang='lat' dir='ltr'><strong>v.</strong></span> <span class='ocrx_word' id='word_1_22' title='bbox 1103 649 1144 712; x_wconf 78' lang='lat'><strong>41</strong></span> <span class='ocrx_word' id='word_1_23' title='bbox 1169 649 1208 713; x_wconf 91' lang='lat' dir='ltr'><strong>ad</strong></span> <span class='ocrx_word' id='word_1_24' title='bbox 1238 649 1466 734; x_wconf 90' lang='lat' dir='ltr'><strong>indigenas</strong></span> <span class='ocrx_word' id='word_1_25' title='bbox 1489 660 1617 713; x_wconf 89' lang='lat' dir='ltr'><strong>tanturn</strong></span> <span class='ocrx_word' id='word_1_26' title='bbox 1637 651 1773 712; x_wconf 81' lang='lat' dir='ltr'><strong>umbra-</strong></span> 
     </span>
     <span class='ocr_line' id='line_1_4' title="bbox 157 749 1776 833; baseline 0 -20"><span class='ocrx_word' id='word_1_27' title='bbox 157 752 300 814; x_wconf 84' lang='lat' dir='ltr'><strong>culorum</strong></span> <span class='ocrx_word' id='word_1_28' title='bbox 323 752 407 813; x_wconf 88' lang='lat' dir='ltr'><strong>ritus</strong></span> <span class='ocrx_word' id='word_1_29' title='bbox 429 753 594 833; x_wconf 89' lang='lat' dir='ltr'><strong>pertinere</strong></span> <span class='ocrx_word' id='word_1_30' title='bbox 617 749 750 830; x_wconf 90' lang='lat' dir='ltr'><strong>dicitur,</strong></span> <span class='ocrx_word' id='word_1_31' title='bbox 781 769 854 811; x_wconf 87' lang='lat' dir='ltr'><strong>cnm</strong></span> <span class='ocrx_word' id='word_1_32' title='bbox 884 749 926 812; x_wconf 94' lang='lat' dir='ltr'><strong>ad</strong></span> <span class='ocrx_word' id='word_1_33' title='bbox 949 761 1099 814; x_wconf 91' lang='lat' dir='ltr'><strong>caeteros</strong></span> <span class='ocrx_word' id='word_1_34' title='bbox 1127 750 1210 815; x_wconf 84' lang='lat' dir='ltr'><strong>ritirs</strong></span> <span class='ocrx_word' id='word_1_35' title='bbox 1232 770 1344 816; x_wconf 88' lang='lat' dir='ltr'><strong>sacros</strong></span> <span class='ocrx_word' id='word_1_36' title='bbox 1367 753 1457 815; x_wconf 87' lang='lat' dir='ltr'><strong>servi</strong></span> <span class='ocrx_word' id='word_1_37' title='bbox 1478 755 1577 815; x_wconf 91' lang='lat' dir='ltr'><strong>etiam</strong></span> <span class='ocrx_word' id='word_1_38' title='bbox 1600 761 1634 814; x_wconf 90' lang='lat' dir='ltr'><strong>et</strong></span> <span class='ocrx_word' id='word_1_39' title='bbox 1656 753 1776 814; x_wconf 90' lang='lat' dir='ltr'><strong>alieni·</strong></span> 
     </span>
     <span class='ocr_line' id='line_1_5' title="bbox 158 852 1776 938; baseline 0 -23"><span class='ocrx_word' id='word_1_40' title='bbox 158 872 262 936; x_wconf 90' lang='lat' dir='ltr'><strong>genae</strong></span> <span class='ocrx_word' id='word_1_41' title='bbox 283 855 438 935; x_wconf 90' lang='lat' dir='ltr'><strong>maseuli,</strong></span> <span class='ocrx_word' id='word_1_42' title='bbox 468 853 713 917; x_wconf 77' lang='lat' dir='ltr'><strong>circumcisione</strong></span> <span class='ocrx_word' id='word_1_43' title='bbox 742 852 845 932; x_wconf 83' lang='lat' dir='ltr'><strong>iacta,</strong></span> <span class='ocrx_word' id='word_1_44' title='bbox 874 852 1142 930; x_wconf 78' lang='lat' dir='ltr'><strong>admitterentur,</strong></span> <span class='ocrx_word' id='word_1_45' title='bbox 1170 854 1285 916; x_wconf 82' lang='lat' dir='ltr'><strong>eadem</strong></span> <span class='ocrx_word' id='word_1_46' title='bbox 1315 873 1389 917; x_wconf 92' lang='lat' dir='ltr'><strong>cum</strong></span> <span class='ocrx_word' id='word_1_47' title='bbox 1418 854 1580 938; x_wconf 81' lang='lat' dir='ltr'><strong>iritligenis</strong></span> <span class='ocrx_word' id='word_1_48' title='bbox 1609 856 1683 937; x_wconf 91' lang='lat' dir='ltr'><strong>lege</strong></span> <span class='ocrx_word' id='word_1_49' title='bbox 1714 856 1776 916; x_wconf 86' lang='lat' dir='ltr'><strong>usi.</strong></span> 
     </span>
     <span class='ocr_line' id='line_1_6' title="bbox 158 953 1776 1047; baseline 0.003 -30"><span class='ocrx_word' id='word_1_50' title='bbox 158 955 250 1034; x_wconf 84' lang='lat' dir='ltr'><strong>Quod</strong></span> <span class='ocrx_word' id='word_1_51' title='bbox 274 956 386 1016; x_wconf 90' lang='lat' dir='ltr'><strong>nescio</strong></span> <span class='ocrx_word' id='word_1_52' title='bbox 409 974 515 1017; x_wconf 90' lang='lat' dir='ltr'><strong>annon</strong></span> <span class='ocrx_word' id='word_1_53' title='bbox 532 974 575 1016; x_wconf 89' lang='lat' dir='ltr'><strong>ex</strong></span> <span class='ocrx_word' id='word_1_54' title='bbox 598 953 730 1047; x_wconf 91' lang='lat' dir='ltr'><strong>diversa</strong></span> <span class='ocrx_word' id='word_1_55' title='bbox 753 954 857 1016; x_wconf 80' lang='lat' dir='ltr'><strong>festi</strong></span> <span class='ocrx_word' id='word_1_56' title='bbox 879 955 1006 1016; x_wconf 92' lang='lat' dir='ltr'><strong>abillis</strong></span> <span class='ocrx_word' id='word_1_57' title='bbox 1029 956 1153 1017; x_wconf 89' lang='lat' dir='ltr'><strong>ratione</strong></span> <span class='ocrx_word' id='word_1_58' title='bbox 1176 958 1218 1018; x_wconf 91' lang='lat' dir='ltr'><strong>sit</strong></span> <span class='ocrx_word' id='word_1_59' title='bbox 1240 955 1469 1046; x_wconf 90' lang='lat' dir='ltr'><strong>repetendum:</strong></span> <span class='ocrx_word' id='word_1_60' title='bbox 1493 957 1653 1037; x_wconf 90' lang='lat' dir='ltr'><strong>siquidem</strong></span> <span class='ocrx_word' id='word_1_61' title='bbox 1668 958 1712 1018; x_wconf 88' lang='lat' dir='ltr'><strong>illi</strong></span> <span class='ocrx_word' id='word_1_62' title='bbox 1735 957 1776 1023; x_wconf 87' lang='lat' dir='ltr'><strong>ad</strong></span> 
     </span>
     <span class='ocr_line' id='line_1_7' title="bbox 161 1055 1777 1139; baseline 0.001 -21"><span class='ocrx_word' id='word_1_63' title='bbox 161 1059 370 1120; x_wconf 82' lang='lat' dir='ltr'><strong>sanctitatem</strong></span> <span class='ocrx_word' id='word_1_64' title='bbox 393 1059 500 1138; x_wconf 94' lang='lat' dir='ltr'><strong>populi</strong></span> <span class='ocrx_word' id='word_1_65' title='bbox 515 1056 729 1118; x_wconf 86' lang='lat' dir='ltr'><strong>exserendam</strong></span> <span class='ocrx_word' id='word_1_66' title='bbox 752 1068 787 1119; x_wconf 94' lang='lat' dir='ltr'><strong>et</strong></span> <span class='ocrx_word' id='word_1_67' title='bbox 807 1055 1012 1119; x_wconf 87' lang='lat' dir='ltr'><strong>muniendam</strong></span> <span class='ocrx_word' id='word_1_68' title='bbox 1035 1068 1069 1120; x_wconf 91' lang='lat' dir='ltr'><strong>et</strong></span> <span class='ocrx_word' id='word_1_69' title='bbox 1085 1058 1260 1122; x_wconf 83' lang='lat' dir='ltr'><strong>arcendam</strong></span> <span class='ocrx_word' id='word_1_70' title='bbox 1278 1069 1386 1121; x_wconf 91' lang='lat' dir='ltr'><strong>terrae</strong></span> <span class='ocrx_word' id='word_1_71' title='bbox 1402 1057 1659 1139; x_wconf 80' lang='lat' dir='ltr'><strong>profanationem</strong></span> <span class='ocrx_word' id='word_1_72' title='bbox 1674 1068 1777 1121; x_wconf 54' lang='lat' dir='ltr'><strong>aver*</strong></span> 
     </span>
     <span class='ocr_line' id='line_1_8' title="bbox 163 1153 1777 1244; baseline 0.001 -22"><span class='ocrx_word' id='word_1_73' title='bbox 163 1159 361 1240; x_wconf 81' lang='lat' dir='ltr'><strong>tandemque</strong></span> <span class='ocrx_word' id='word_1_74' title='bbox 383 1159 444 1222; x_wconf 91' lang='lat' dir='ltr'><strong>Dei</strong></span> <span class='ocrx_word' id='word_1_75' title='bbox 465 1160 545 1219; x_wconf 90' lang='lat' dir='ltr'><strong>iram</strong></span> <span class='ocrx_word' id='word_1_76' title='bbox 568 1161 789 1239; x_wconf 87' lang='lat' dir='ltr'><strong>pertinerent,</strong></span> <span class='ocrx_word' id='word_1_77' title='bbox 818 1158 880 1221; x_wconf 92' lang='lat' dir='ltr'><strong>hoc</strong></span> <span class='ocrx_word' id='word_1_78' title='bbox 902 1158 943 1221; x_wconf 93' lang='lat' dir='ltr'><strong>ad</strong></span> <span class='ocrx_word' id='word_1_79' title='bbox 965 1158 1142 1222; x_wconf 91' lang='lat' dir='ltr'><strong>ornandam</strong></span> <span class='ocrx_word' id='word_1_80' title='bbox 1165 1162 1270 1244; x_wconf 80' lang='lat' dir='ltr'><strong>magis</strong></span> <span class='ocrx_word' id='word_1_81' title='bbox 1292 1153 1457 1223; x_wconf 88' lang='lat' dir='ltr'><strong>vitamet</strong></span> <span class='ocrx_word' id='word_1_82' title='bbox 1480 1159 1692 1223; x_wconf 88' lang='lat' dir='ltr'><strong>excolendam</strong></span> <span class='ocrx_word' id='word_1_83' title='bbox 1715 1180 1777 1242; x_wconf 93' lang='lat' dir='ltr'><strong>po-</strong></span> 
     </span>
     <span class='ocr_line' id='line_1_9' title="bbox 161 1262 1577 1344; baseline 0.001 -20"><span class='ocrx_word' id='word_1_84' title='bbox 161 1263 226 1343; x_wconf 92' lang='lat' dir='ltr'><strong>puli</strong></span> <span class='ocrx_word' id='word_1_85' title='bbox 250 1262 523 1341; x_wconf 90' lang='lat' dir='ltr'><strong>communionem,</strong></span> <span class='ocrx_word' id='word_1_86' title='bbox 545 1270 630 1342; x_wconf 88' lang='lat' dir='ltr'><strong>qnae</strong></span> <span class='ocrx_word' id='word_1_87' title='bbox 652 1262 917 1344; x_wconf 90' lang='lat' dir='ltr'><strong>ingenuorum</strong></span> <span class='ocrx_word' id='word_1_88' title='bbox 940 1264 1050 1343; x_wconf 91' lang='lat' dir='ltr'><strong>potins</strong></span> <span class='ocrx_word' id='word_1_89' title='bbox 1071 1263 1235 1325; x_wconf 88' lang='lat' dir='ltr'><strong>interesse</strong></span> <span class='ocrx_word' id='word_1_90' title='bbox 1256 1263 1358 1326; x_wconf 88' lang='lat' dir='ltr'><strong>videri</strong></span> <span class='ocrx_word' id='word_1_91' title='bbox 1381 1264 1577 1343; x_wconf 67' lang='lat' dir='ltr'><strong>poteratlt).</strong></span> 
     </span>
    </p>

    <p class='ocr_par' dir='ltr' id='par_1_3' title="bbox 83 1357 1787 3696">
     <span class='ocr_line' id='line_1_10' title="bbox 246 1357 1779 1446; baseline -0.001 -21"><span class='ocrx_word' id='word_1_92' title='bbox 246 1357 418 1425; x_wconf 86' lang='lat' dir='ltr'><strong>Hactenus</strong></span> <span class='ocrx_word' id='word_1_93' title='bbox 440 1364 539 1446; x_wconf 90' lang='lat' dir='ltr'><strong>igitur</strong></span> <span class='ocrx_word' id='word_1_94' title='bbox 562 1382 602 1425; x_wconf 91' lang='lat' dir='ltr'><strong>ea</strong></span> <span class='ocrx_word' id='word_1_95' title='bbox 628 1364 778 1424; x_wconf 89' lang='lat' dir='ltr'><strong>instituta</strong></span> <span class='ocrx_word' id='word_1_96' title='bbox 800 1381 884 1444; x_wconf 91' lang='lat' dir='ltr'><strong>quae</strong></span> <span class='ocrx_word' id='word_1_97' title='bbox 913 1373 980 1426; x_wconf 91' lang='lat' dir='ltr'><strong>tam</strong></span> <span class='ocrx_word' id='word_1_98' title='bbox 1011 1367 1198 1444; x_wconf 78' lang='lat' dir='ltr'><strong>septenaria</strong></span> <span class='ocrx_word' id='word_1_99' title='bbox 1226 1367 1350 1427; x_wconf 90' lang='lat' dir='ltr'><strong>ratione</strong></span> <span class='ocrx_word' id='word_1_100' title='bbox 1378 1382 1475 1445; x_wconf 91' lang='lat' dir='ltr'><strong>quam</strong></span> <span class='ocrx_word' id='word_1_101' title='bbox 1504 1364 1618 1426; x_wconf 91' lang='lat' dir='ltr'><strong>eodem</strong></span> <span class='ocrx_word' id='word_1_102' title='bbox 1649 1363 1779 1425; x_wconf 89' lang='lat' dir='ltr'><strong>dicendi</strong></span> 
     </span>
     <span class='ocr_line' id='line_1_11' title="bbox 163 1456 1779 1550; baseline 0.001 -24"><span class='ocrx_word' id='word_1_103' title='bbox 163 1485 283 1547; x_wconf 90' lang='lat' dir='ltr'><strong>genere</strong></span> <span class='ocrx_word' id='word_1_104' title='bbox 306 1477 340 1527; x_wconf 93' lang='lat' dir='ltr'><strong>et</strong></span> <span class='ocrx_word' id='word_1_105' title='bbox 362 1465 474 1527; x_wconf 88' lang='lat' dir='ltr'><strong>habitu</strong></span> <span class='ocrx_word' id='word_1_106' title='bbox 492 1466 716 1544; x_wconf 84' lang='lat' dir='ltr'><strong>continentur,</strong></span> <span class='ocrx_word' id='word_1_107' title='bbox 739 1456 915 1528; x_wconf 49' lang='lat' dir='ltr'><strong>a‘caeteris</strong></span> <span class='ocrx_word' id='word_1_108' title='bbox 934 1465 1105 1545; x_wconf 87' lang='lat' dir='ltr'><strong>distincta,</strong></span> <span class='ocrx_word' id='word_1_109' title='bbox 1129 1466 1168 1529; x_wconf 91' lang='lat' dir='ltr'><strong>ad</strong></span> <span class='ocrx_word' id='word_1_110' title='bbox 1192 1486 1274 1528; x_wconf 90' lang='lat' dir='ltr'><strong>rem</strong></span> <span class='ocrx_word' id='word_1_111' title='bbox 1298 1469 1507 1550; x_wconf 86' lang='lat' dir='ltr'><strong>agrariam</strong></span> <span class='ocrx_word' id='word_1_112' title='bbox 1531 1465 1779 1529; x_wconf 86' lang='lat' dir='ltr'><strong>sacrandam</strong></span> 
     </span>
     <span class='ocr_line' id='line_1_12' title="bbox 163 1563 1780 1651; baseline -0.001 -21"><span class='ocrx_word' id='word_1_113' title='bbox 163 1581 198 1630; x_wconf 91' lang='lat' dir='ltr'><strong>et</strong></span> <span class='ocrx_word' id='word_1_114' title='bbox 221 1563 379 1649; x_wconf 88' lang='lat' dir='ltr'><strong>ejusmodi</strong></span> <span class='ocrx_word' id='word_1_115' title='bbox 403 1569 509 1649; x_wconf 89' lang='lat' dir='ltr'><strong>legum</strong></span> <span class='ocrx_word' id='word_1_116' title='bbox 533 1567 711 1629; x_wconf 91' lang='lat' dir='ltr'><strong>codicem</strong></span> <span class='ocrx_word' id='word_1_117' title='bbox 735 1567 1081 1651; x_wconf 17' lang='lat' dir='ltr'><strong>quendambpertinerc</strong></span> <span class='ocrx_word' id='word_1_118' title='bbox 1104 1567 1266 1631; x_wconf 87' lang='lat' dir='ltr'><strong>videntur.</strong></span> <span class='ocrx_word' id='word_1_119' title='bbox 1319 1568 1386 1630; x_wconf 89' lang='lat' dir='ltr'><strong>Sed</strong></span> <span class='ocrx_word' id='word_1_120' title='bbox 1408 1570 1495 1632; x_wconf 89' lang='lat' dir='ltr'><strong>aliud</strong></span> <span class='ocrx_word' id='word_1_121' title='bbox 1518 1572 1619 1631; x_wconf 89' lang='lat' dir='ltr'><strong>etiarn</strong></span> <span class='ocrx_word' id='word_1_122' title='bbox 1649 1571 1780 1648; x_wconf 88' lang='lat' dir='ltr'><strong>septimi</strong></span> 
     </span>
     <span class='ocr_line' id='line_1_13' title="bbox 167 1669 1779 1753; baseline 0 -22"><span class='ocrx_word' id='word_1_123' title='bbox 167 1674 289 1733; x_wconf 89' lang='lat' dir='ltr'><strong>mensis</strong></span> <span class='ocrx_word' id='word_1_124' title='bbox 311 1670 494 1738; x_wconf 89' lang='lat' dir='ltr'><strong>institutum</strong></span> <span class='ocrx_word' id='word_1_125' title='bbox 519 1679 629 1730; x_wconf 88' lang='lat' dir='ltr'><strong>exstat</strong></span> <span class='ocrx_word' id='word_1_126' title='bbox 650 1669 734 1749; x_wconf 90' lang='lat' dir='ltr'><strong>quod</strong></span> <span class='ocrx_word' id='word_1_127' title='bbox 757 1669 868 1732; x_wconf 91' lang='lat' dir='ltr'><strong>eodem</strong></span> <span class='ocrx_word' id='word_1_128' title='bbox 891 1689 1013 1753; x_wconf 89' lang='lat' dir='ltr'><strong>genere</strong></span> <span class='ocrx_word' id='word_1_129' title='bbox 1035 1669 1161 1733; x_wconf 89' lang='lat' dir='ltr'><strong>dicendi</strong></span> <span class='ocrx_word' id='word_1_130' title='bbox 1184 1682 1217 1732; x_wconf 89' lang='lat' dir='ltr'><strong>et</strong></span> <span class='ocrx_word' id='word_1_131' title='bbox 1232 1671 1344 1733; x_wconf 90' lang='lat' dir='ltr'><strong>habitu</strong></span> <span class='ocrx_word' id='word_1_132' title='bbox 1366 1689 1439 1732; x_wconf 91' lang='lat' dir='ltr'><strong>cum</strong></span> <span class='ocrx_word' id='word_1_133' title='bbox 1461 1673 1525 1732; x_wconf 91' lang='lat' dir='ltr'><strong>illis</strong></span> <span class='ocrx_word' id='word_1_134' title='bbox 1543 1673 1701 1733; x_wconf 88' lang='lat' dir='ltr'><strong>contineri</strong></span> <span class='ocrx_word' id='word_1_135' title='bbox 1722 1674 1779 1732; x_wconf 90' lang='lat' dir='ltr'><strong>in-</strong></span> 
     </span>
     <span class='ocr_line' id='line_1_14' title="bbox 164 1770 1779 1855; baseline -0.001 -22"><span class='ocrx_word' id='word_1_136' title='bbox 164 1773 363 1835; x_wconf 87' lang='lat' dir='ltr'><strong>telleximus:</strong></span> <span class='ocrx_word' id='word_1_137' title='bbox 394 1771 482 1832; x_wconf 90' lang='lat' dir='ltr'><strong>dies</strong></span> <span class='ocrx_word' id='word_1_138' title='bbox 511 1771 769 1850; x_wconf 85' lang='lat' dir='ltr'><strong>expiationis</strong></span> <span class='ocrx_word' id='word_1_139' title='bbox 797 1793 829 1833; x_wconf 93' lang='lat' dir='ltr'><strong>v.</strong></span> <span class='ocrx_word' id='word_1_140' title='bbox 852 1774 896 1836; x_wconf 75' lang='lat'><strong>27</strong></span> <span class='ocrx_word' id='word_1_141' title='bbox 918 1791 1009 1854; x_wconf 89' lang='lat' dir='ltr'><strong>seqq.</strong></span> <span class='ocrx_word' id='word_1_142' title='bbox 1054 1770 1212 1850; x_wconf 84' lang='lat' dir='ltr'><strong>Quicum</strong></span> <span class='ocrx_word' id='word_1_143' title='bbox 1246 1772 1286 1834; x_wconf 93' lang='lat' dir='ltr'><strong>ad</strong></span> <span class='ocrx_word' id='word_1_144' title='bbox 1310 1776 1472 1855; x_wconf 85' lang='lat' dir='ltr'><strong>agrariam</strong></span> <span class='ocrx_word' id='word_1_145' title='bbox 1495 1785 1586 1836; x_wconf 90' lang='lat' dir='ltr'><strong>certe</strong></span> <span class='ocrx_word' id='word_1_146' title='bbox 1618 1775 1779 1835; x_wconf 86' lang='lat' dir='ltr'><strong>rationem</strong></span> 
     </span>
     <span class='ocr_line' id='line_1_15' title="bbox 165 1871 1779 1959; baseline -0.001 -23"><span class='ocrx_word' id='word_1_147' title='bbox 165 1875 279 1937; x_wconf 81' lang='lat' dir='ltr'><strong>referri</strong></span> <span class='ocrx_word' id='word_1_148' title='bbox 300 1893 363 1936; x_wconf 94' lang='lat' dir='ltr'><strong>non</strong></span> <span class='ocrx_word' id='word_1_149' title='bbox 385 1875 507 1954; x_wconf 88' lang='lat' dir='ltr'><strong>possit,</strong></span> <span class='ocrx_word' id='word_1_150' title='bbox 537 1871 578 1933; x_wconf 94' lang='lat' dir='ltr'><strong>ad</strong></span> <span class='ocrx_word' id='word_1_151' title='bbox 600 1874 796 1953; x_wconf 83' lang='lat' dir='ltr'><strong>populum</strong></span> <span class='ocrx_word' id='word_1_152' title='bbox 818 1877 926 1955; x_wconf 92' lang='lat' dir='ltr'><strong>potius</strong></span> <span class='ocrx_word' id='word_1_153' title='bbox 948 1875 1140 1937; x_wconf 91' lang='lat' dir='ltr'><strong>sacrandum</strong></span> <span class='ocrx_word' id='word_1_154' title='bbox 1164 1886 1334 1955; x_wconf 89' lang='lat' dir='ltr'><strong>spectans:</strong></span> <span class='ocrx_word' id='word_1_155' title='bbox 1363 1893 1501 1956; x_wconf 90' lang='lat' dir='ltr'><strong>quanam</strong></span> <span class='ocrx_word' id='word_1_156' title='bbox 1530 1877 1630 1959; x_wconf 83' lang='lat' dir='ltr'><strong>igitur</strong></span> <span class='ocrx_word' id='word_1_157' title='bbox 1652 1877 1779 1936; x_wconf 91' lang='lat' dir='ltr'><strong>ratione</strong></span> 
     </span>
     <span class='ocr_line' id='line_1_16' title="bbox 167 1968 1780 2059; baseline -0.003 -18"><span class='ocrx_word' id='word_1_158' title='bbox 167 1999 239 2042; x_wconf 91' lang='lat' dir='ltr'><strong>cnm</strong></span> <span class='ocrx_word' id='word_1_159' title='bbox 262 1979 326 2039; x_wconf 90' lang='lat' dir='ltr'><strong>illis</strong></span> <span class='ocrx_word' id='word_1_160' title='bbox 349 1974 525 2038; x_wconf 87' lang='lat' dir='ltr'><strong>cohaerere</strong></span> <span class='ocrx_word' id='word_1_161' title='bbox 548 1974 712 2054; x_wconf 90' lang='lat' dir='ltr'><strong>putandus</strong></span> <span class='ocrx_word' id='word_1_162' title='bbox 734 1971 811 2038; x_wconf 70' lang='lat' dir='ltr'><strong>est‘l</strong></span> <span class='ocrx_word' id='word_1_163' title='bbox 855 1977 927 2040; x_wconf 90' lang='lat' dir='ltr'><strong>Hoc</strong></span> <span class='ocrx_word' id='word_1_164' title='bbox 954 1995 1034 2038; x_wconf 91' lang='lat' dir='ltr'><strong>sane</strong></span> <span class='ocrx_word' id='word_1_165' title='bbox 1055 1995 1118 2037; x_wconf 90' lang='lat' dir='ltr'><strong>non</strong></span> <span class='ocrx_word' id='word_1_166' title='bbox 1142 1968 1253 2038; x_wconf 88' lang='lat' dir='ltr'><strong>statim</strong></span> <span class='ocrx_word' id='word_1_167' title='bbox 1275 1986 1377 2057; x_wconf 89' lang='lat' dir='ltr'><strong>patet.</strong></span> <span class='ocrx_word' id='word_1_168' title='bbox 1422 1977 1488 2039; x_wconf 90' lang='lat' dir='ltr'><strong>Sed</strong></span> <span class='ocrx_word' id='word_1_169' title='bbox 1511 1980 1661 2059; x_wconf 90' lang='lat' dir='ltr'><strong>quoniam</strong></span> <span class='ocrx_word' id='word_1_170' title='bbox 1684 1988 1780 2038; x_wconf 87' lang='lat' dir='ltr'><strong>ter-</strong></span> 
     </span>
     <span class='ocr_line' id='line_1_17' title="bbox 167 2073 1779 2165; baseline -0.001 -22"><span class='ocrx_word' id='word_1_171' title='bbox 167 2100 235 2144; x_wconf 90' lang='lat' dir='ltr'><strong>rae</strong></span> <span class='ocrx_word' id='word_1_172' title='bbox 259 2080 419 2142; x_wconf 88' lang='lat' dir='ltr'><strong>sanctitas</strong></span> <span class='ocrx_word' id='word_1_173' title='bbox 442 2073 619 2138; x_wconf 89' lang='lat' dir='ltr'><strong>derivanda</strong></span> <span class='ocrx_word' id='word_1_174' title='bbox 648 2087 702 2138; x_wconf 90' lang='lat' dir='ltr'><strong>est</strong></span> <span class='ocrx_word' id='word_1_175' title='bbox 729 2079 911 2160; x_wconf 91' lang='lat' dir='ltr'><strong>apopnli</strong></span> <span class='ocrx_word' id='word_1_176' title='bbox 933 2080 1108 2141; x_wconf 89' lang='lat' dir='ltr'><strong>sanctitate</strong></span> <span class='ocrx_word' id='word_1_177' title='bbox 1138 2079 1230 2159; x_wconf 89' lang='lat' dir='ltr'><strong>(nam</strong></span> <span class='ocrx_word' id='word_1_178' title='bbox 1253 2078 1305 2140; x_wconf 90' lang='lat' dir='ltr'><strong>hic</strong></span> <span class='ocrx_word' id='word_1_179' title='bbox 1326 2079 1475 2159; x_wconf 88' lang='lat' dir='ltr'><strong>primitus</strong></span> <span class='ocrx_word' id='word_1_180' title='bbox 1503 2090 1557 2141; x_wconf 88' lang='lat' dir='ltr'><strong>est</strong></span> <span class='ocrx_word' id='word_1_181' title='bbox 1579 2079 1640 2140; x_wconf 91' lang='lat' dir='ltr'><strong>Dei</strong></span> <span class='ocrx_word' id='word_1_182' title='bbox 1662 2074 1779 2165; x_wconf 49' lang='lat' dir='ltr'><strong>rrssrqr),</strong></span> 
     </span>
     <span class='ocr_line' id='line_1_18' title="bbox 165 2172 1779 2263; baseline -0.002 -18"><span class='ocrx_word' id='word_1_183' title='bbox 165 2183 294 2245; x_wconf 84' lang='lat' dir='ltr'><strong>videon</strong></span> <span class='ocrx_word' id='word_1_184' title='bbox 312 2181 352 2242; x_wconf 91' lang='lat' dir='ltr'><strong>ab</strong></span> <span class='ocrx_word' id='word_1_185' title='bbox 374 2179 501 2262; x_wconf 89' lang='lat' dir='ltr'><strong>agrario</strong></span> <span class='ocrx_word' id='word_1_186' title='bbox 524 2180 623 2239; x_wconf 91' lang='lat' dir='ltr'><strong>etiam</strong></span> <span class='ocrx_word' id='word_1_187' title='bbox 643 2178 754 2241; x_wconf 89' lang='lat' dir='ltr'><strong>codice</strong></span> <span class='ocrx_word' id='word_1_188' title='bbox 773 2181 819 2262; x_wconf 83' lang='lat' dir='ltr'><strong>[s.</strong></span> <span class='ocrx_word' id='word_1_189' title='bbox 835 2183 983 2263; x_wconf 85' lang='lat' dir='ltr'><strong>agrariae</strong></span> <span class='ocrx_word' id='word_1_190' title='bbox 998 2182 1043 2242; x_wconf 91' lang='lat' dir='ltr'><strong>rei</strong></span> <span class='ocrx_word' id='word_1_191' title='bbox 1059 2180 1242 2242; x_wconf 88' lang='lat' dir='ltr'><strong>sacrandae</strong></span> <span class='ocrx_word' id='word_1_192' title='bbox 1253 2182 1373 2242; x_wconf 89' lang='lat' dir='ltr'><strong>rituum</strong></span> <span class='ocrx_word' id='word_1_193' title='bbox 1388 2180 1520 2261; x_wconf 84' lang='lat' dir='ltr'><strong>ordine)</strong></span> <span class='ocrx_word' id='word_1_194' title='bbox 1534 2183 1655 2244; x_wconf 89' lang='lat' dir='ltr'><strong>abesse</strong></span> <span class='ocrx_word' id='word_1_195' title='bbox 1671 2172 1779 2260; x_wconf 81' lang='lat' dir='ltr'><strong>p&#39;nssit</strong></span> 
     </span>
     <span class='ocr_line' id='line_1_19' title="bbox 167 2281 1779 2366; baseline -0.001 -20"><span class='ocrx_word' id='word_1_196' title='bbox 167 2284 306 2366; x_wconf 91' lang='lat' dir='ltr'><strong>populi</strong></span> <span class='ocrx_word' id='word_1_197' title='bbox 325 2281 474 2345; x_wconf 89' lang='lat' dir='ltr'><strong>sacrandi</strong></span> <span class='ocrx_word' id='word_1_198' title='bbox 496 2282 595 2363; x_wconf 71' lang='lat' dir='ltr'><strong>ritus,</strong></span> <span class='ocrx_word' id='word_1_199' title='bbox 616 2299 680 2362; x_wconf 92' lang='lat' dir='ltr'><strong>quo</strong></span> <span class='ocrx_word' id='word_1_200' title='bbox 700 2282 747 2343; x_wconf 91' lang='lat' dir='ltr'><strong>illi</strong></span> <span class='ocrx_word' id='word_1_201' title='bbox 768 2285 877 2364; x_wconf 83' lang='lat' dir='ltr'><strong>potius</strong></span> <span class='ocrx_word' id='word_1_202' title='bbox 899 2293 1052 2362; x_wconf 88' lang='lat' dir='ltr'><strong>tanquam</strong></span> <span class='ocrx_word' id='word_1_203' title='bbox 1074 2282 1284 2346; x_wconf 86' lang='lat' dir='ltr'><strong>fundamento</strong></span> <span class='ocrx_word' id='word_1_204' title='bbox 1306 2284 1365 2345; x_wconf 90' lang='lat' dir='ltr'><strong>niti</strong></span> <span class='ocrx_word' id='word_1_205' title='bbox 1387 2282 1558 2364; x_wconf 89' lang='lat' dir='ltr'><strong>videntur,</strong></span> <span class='ocrx_word' id='word_1_206' title='bbox 1579 2285 1626 2346; x_wconf 91' lang='lat' dir='ltr'><strong>ita</strong></span> <span class='ocrx_word' id='word_1_207' title='bbox 1644 2282 1682 2344; x_wconf 81' lang='lat' dir='ltr'><strong>u&#39;t</strong></span> <span class='ocrx_word' id='word_1_208' title='bbox 1704 2286 1779 2345; x_wconf 89' lang='lat' dir='ltr'><strong>sine</strong></span> 
     </span>
     <span class='ocr_line' id='line_1_20' title="bbox 168 2381 1779 2467; baseline -0.002 -18"><span class='ocrx_word' id='word_1_209' title='bbox 168 2389 291 2450; x_wconf 89' lang='lat' dir='ltr'><strong>hocne</strong></span> <span class='ocrx_word' id='word_1_210' title='bbox 313 2384 449 2467; x_wconf 89' lang='lat' dir='ltr'><strong>cogitari</strong></span> <span class='ocrx_word' id='word_1_211' title='bbox 471 2381 598 2464; x_wconf 94' lang='lat' dir='ltr'><strong>quidem</strong></span> <span class='ocrx_word' id='word_1_212' title='bbox 628 2385 763 2464; x_wconf 89' lang='lat' dir='ltr'><strong>possint.</strong></span> <span class='ocrx_word' id='word_1_213' title='bbox 807 2383 899 2463; x_wconf 85' lang='lat' dir='ltr'><strong>Quae</strong></span> <span class='ocrx_word' id='word_1_214' title='bbox 920 2386 1006 2446; x_wconf 88' lang='lat' dir='ltr'><strong>enim</strong></span> <span class='ocrx_word' id='word_1_215' title='bbox 1028 2394 1121 2448; x_wconf 90' lang='lat' dir='ltr'><strong>esset</strong></span> <span class='ocrx_word' id='word_1_216' title='bbox 1143 2395 1251 2447; x_wconf 91' lang='lat' dir='ltr'><strong>terrae</strong></span> <span class='ocrx_word' id='word_1_217' title='bbox 1274 2395 1308 2447; x_wconf 88' lang='lat' dir='ltr'><strong>et</strong></span> <span class='ocrx_word' id='word_1_218' title='bbox 1337 2395 1554 2466; x_wconf 88' lang='lat' dir='ltr'><strong>proventuum</strong></span> <span class='ocrx_word' id='word_1_219' title='bbox 1574 2388 1779 2448; x_wconf 88' lang='lat' dir='ltr'><strong>consecratio</strong></span> 
     </span>
     <span class='ocr_line' id='line_1_21' title="bbox 166 2485 1780 2570; baseline -0.003 -18"><span class='ocrx_word' id='word_1_220' title='bbox 166 2510 186 2552; x_wconf 99' lang='lat' dir='ltr'><strong>a</strong></span> <span class='ocrx_word' id='word_1_221' title='bbox 206 2488 323 2570; x_wconf 94' lang='lat' dir='ltr'><strong>populo</strong></span> <span class='ocrx_word' id='word_1_222' title='bbox 346 2485 516 2568; x_wconf 86' lang='lat' dir='ltr'><strong>profano</strong></span> <span class='ocrx_word' id='word_1_223' title='bbox 546 2497 677 2566; x_wconf 90' lang='lat' dir='ltr'><strong>peracta</strong></span> <span class='ocrx_word' id='word_1_224' title='bbox 698 2488 729 2550; x_wconf 91' lang='lat' dir='ltr'><strong>h.</strong></span> <span class='ocrx_word' id='word_1_225' title='bbox 752 2507 780 2548; x_wconf 93' lang='lat' dir='ltr'><strong>e.</strong></span> <span class='ocrx_word' id='word_1_226' title='bbox 802 2488 980 2550; x_wconf 88' lang='lat' dir='ltr'><strong>communis</strong></span> <span class='ocrx_word' id='word_1_227' title='bbox 1002 2489 1091 2550; x_wconf 91' lang='lat' dir='ltr'><strong>vitae</strong></span> <span class='ocrx_word' id='word_1_228' title='bbox 1105 2487 1186 2549; x_wconf 83' lang='lat' dir='ltr'><strong>-labe</strong></span> <span class='ocrx_word' id='word_1_229' title='bbox 1215 2487 1338 2567; x_wconf 89' lang='lat' dir='ltr'><strong>polluto</strong></span> <span class='ocrx_word' id='word_1_230' title='bbox 1366 2487 1473 2569; x_wconf 87' lang='lat' dir='ltr'><strong>[quali</strong></span> <span class='ocrx_word' id='word_1_231' title='bbox 1495 2490 1675 2549; x_wconf 89' lang='lat' dir='ltr'><strong>universae·</strong></span> <span class='ocrx_word' id='word_1_232' title='bbox 1689 2489 1780 2549; x_wconf 91' lang='lat' dir='ltr'><strong>anti·</strong></span> 
     </span>
     <span class='ocr_line' id='line_1_22' title="bbox 167 2587 1787 2675; baseline -0.003 -20"><span class='ocrx_word' id='word_1_233' title='bbox 167 2593 304 2675; x_wconf 89' lang='lat' dir='ltr'><strong>quitatis</strong></span> <span class='ocrx_word' id='word_1_234' title='bbox 325 2606 414 2651; x_wconf 91' lang='lat' dir='ltr'><strong>more</strong></span> <span class='ocrx_word' id='word_1_235' title='bbox 436 2587 477 2649; x_wconf 90' lang='lat' dir='ltr'><strong>ad</strong></span> <span class='ocrx_word' id='word_1_236' title='bbox 499 2588 597 2649; x_wconf 90' lang='lat' dir='ltr'><strong>ullum</strong></span> <span class='ocrx_word' id='word_1_237' title='bbox 621 2607 750 2651; x_wconf 91' lang='lat' dir='ltr'><strong>sacrum</strong></span> <span class='ocrx_word' id='word_1_238' title='bbox 773 2589 929 2651; x_wconf 88' lang='lat' dir='ltr'><strong>accedere</strong></span> <span class='ocrx_word' id='word_1_239' title='bbox 946 2589 1039 2653; x_wconf 88' lang='lat' dir='ltr'><strong>nefas</strong></span> <span class='ocrx_word' id='word_1_240' title='bbox 1061 2591 1166 2671; x_wconf 88' lang='lat' dir='ltr'><strong>erat),</strong></span> <span class='ocrx_word' id='word_1_241' title='bbox 1190 2590 1259 2651; x_wconf 91' lang='lat' dir='ltr'><strong>nisi·</strong></span> <span class='ocrx_word' id='word_1_242' title='bbox 1273 2599 1372 2651; x_wconf 88' lang='lat' dir='ltr'><strong>antea</strong></span> <span class='ocrx_word' id='word_1_243' title='bbox 1394 2590 1555 2653; x_wconf 88' lang='lat' dir='ltr'><strong>lustratus</strong></span> <span class='ocrx_word' id='word_1_244' title='bbox 1577 2599 1611 2652; x_wconf 89' lang='lat' dir='ltr'><strong>et</strong></span> <span class='ocrx_word' id='word_1_245' title='bbox 1624 2591 1787 2671; x_wconf 77' lang='lat' dir='ltr'><strong>expiatus</strong></span> 
     </span>
     <span class='ocr_line' id='line_1_23' title="bbox 168 2686 1781 2773; baseline -0.003 -15"><span class='ocrx_word' id='word_1_246' title='bbox 168 2715 206 2758; x_wconf 91' lang='lat' dir='ltr'><strong>se</strong></span> <span class='ocrx_word' id='word_1_247' title='bbox 229 2694 335 2756; x_wconf 91' lang='lat' dir='ltr'><strong>denno</strong></span> <span class='ocrx_word' id='word_1_248' title='bbox 358 2686 564 2754; x_wconf 73' lang='lat' dir='ltr'><strong>sacraverit&#39;l</strong></span> <span class='ocrx_word' id='word_1_249' title='bbox 608 2693 724 2773; x_wconf 91' lang='lat' dir='ltr'><strong>ltaque</strong></span> <span class='ocrx_word' id='word_1_250' title='bbox 744 2692 798 2752; x_wconf 88' lang='lat' dir='ltr'><strong>hic</strong></span> <span class='ocrx_word' id='word_1_251' title='bbox 819 2692 970 2773; x_wconf 88' lang='lat' dir='ltr'><strong>expiandi</strong></span> <span class='ocrx_word' id='word_1_252' title='bbox 988 2694 1071 2755; x_wconf 90' lang='lat' dir='ltr'><strong>ritus</strong></span> <span class='ocrx_word' id='word_1_253' title='bbox 1089 2692 1215 2756; x_wconf 87' lang='lat' dir='ltr'><strong>decimo</strong></span> <span class='ocrx_word' id='word_1_254' title='bbox 1236 2693 1358 2753; x_wconf 89' lang='lat' dir='ltr'><strong>mensis</strong></span> <span class='ocrx_word' id='word_1_255' title='bbox 1380 2689 1433 2753; x_wconf 94' lang='lat' dir='ltr'><strong>die</strong></span> <span class='ocrx_word' id='word_1_256' title='bbox 1453 2693 1628 2755; x_wconf 91' lang='lat' dir='ltr'><strong>institutus</strong></span> <span class='ocrx_word' id='word_1_257' title='bbox 1650 2710 1781 2773; x_wconf 90' lang='lat' dir='ltr'><strong>praa-</strong></span> 
     </span>
     <span class='ocr_line' id='line_1_24' title="bbox 169 2792 1781 2876; baseline -0.004 -16"><span class='ocrx_word' id='word_1_258' title='bbox 169 2800 262 2861; x_wconf 91' lang='lat' dir='ltr'><strong>vius</strong></span> <span class='ocrx_word' id='word_1_259' title='bbox 285 2814 362 2858; x_wconf 91' lang='lat' dir='ltr'><strong>esse</strong></span> <span class='ocrx_word' id='word_1_260' title='bbox 384 2802 520 2874; x_wconf 92' lang='lat' dir='ltr'><strong>apparet</strong></span> <span class='ocrx_word' id='word_1_261' title='bbox 542 2792 654 2856; x_wconf 82' lang='lat' dir='ltr'><strong>festo</strong></span> <span class='ocrx_word' id='word_1_262' title='bbox 683 2813 703 2854; x_wconf 94' lang='lat' dir='ltr'><strong>a</strong></span> <span class='ocrx_word' id='word_1_263' title='bbox 730 2803 890 2873; x_wconf 88' lang='lat' dir='ltr'><strong>sequente</strong></span> <span class='ocrx_word' id='word_1_264' title='bbox 918 2795 1094 2876; x_wconf 87' lang='lat' dir='ltr'><strong>plenilunio</strong></span> <span class='ocrx_word' id='word_1_265' title='bbox 1122 2793 1197 2855; x_wconf 92' lang='lat' dir='ltr'><strong>inde</strong></span> <span class='ocrx_word' id='word_1_266' title='bbox 1226 2792 1440 2874; x_wconf 90' lang='lat' dir='ltr'><strong>celebrando,</strong></span> <span class='ocrx_word' id='word_1_267' title='bbox 1472 2804 1548 2874; x_wconf 90' lang='lat' dir='ltr'><strong>apte</strong></span> <span class='ocrx_word' id='word_1_268' title='bbox 1575 2794 1781 2875; x_wconf 90' lang='lat' dir='ltr'><strong>praecedens</strong></span> 
     </span>
     <span class='ocr_line' id='line_1_25' title="bbox 173 2896 1783 2978; baseline -0.004 -14"><span class='ocrx_word' id='word_1_269' title='bbox 173 2913 208 2964; x_wconf 90' lang='lat' dir='ltr'><strong>et</strong></span> <span class='ocrx_word' id='word_1_270' title='bbox 232 2899 410 2963; x_wconf 88' lang='lat' dir='ltr'><strong>severitate</strong></span> <span class='ocrx_word' id='word_1_271' title='bbox 432 2913 493 2958; x_wconf 87' lang='lat' dir='ltr'><strong>sna</strong></span> <span class='ocrx_word' id='word_1_272' title='bbox 514 2898 635 2978; x_wconf 89' lang='lat' dir='ltr'><strong>„quasi</strong></span> <span class='ocrx_word' id='word_1_273' title='bbox 657 2897 744 2956; x_wconf 89' lang='lat' dir='ltr'><strong>viam</strong></span> <span class='ocrx_word' id='word_1_274' title='bbox 767 2897 1000 2977; x_wconf 58' lang='lat' dir='ltr'><strong>muniensl‘ll]</strong></span> <span class='ocrx_word' id='word_1_275' title='bbox 1023 2897 1109 2958; x_wconf 86' lang='lat' dir='ltr'><strong>lesto</strong></span> <span class='ocrx_word' id='word_1_276' title='bbox 1131 2897 1207 2958; x_wconf 88' lang='lat' dir='ltr'><strong>ritui</strong></span> <span class='ocrx_word' id='word_1_277' title='bbox 1228 2896 1332 2958; x_wconf 91' lang='lat' dir='ltr'><strong>totius</strong></span> <span class='ocrx_word' id='word_1_278' title='bbox 1352 2897 1428 2958; x_wconf 92' lang='lat' dir='ltr'><strong>anni</strong></span> <span class='ocrx_word' id='word_1_279' title='bbox 1449 2897 1628 2959; x_wconf 88' lang='lat' dir='ltr'><strong>laetissimo</strong></span> <span class='ocrx_word' id='word_1_280' title='bbox 1649 2906 1684 2958; x_wconf 92' lang='lat' dir='ltr'><strong>et</strong></span> <span class='ocrx_word' id='word_1_281' title='bbox 1705 2897 1783 2957; x_wconf 89' lang='lat' dir='ltr'><strong>lau-</strong></span> 
     </span>
     <span class='ocr_line' id='line_1_26' title="bbox 170 2985 1780 3080; baseline -0.004 -13"><span class='ocrx_word' id='word_1_282' title='bbox 170 3005 305 3067; x_wconf 88' lang='lat' dir='ltr'><strong>tissimo.</strong></span> <span class='ocrx_word' id='word_1_283' title='bbox 347 2998 461 3077; x_wconf 81' lang='lat' dir='ltr'><strong>Qualis</strong></span> <span class='ocrx_word' id='word_1_284' title='bbox 487 3009 598 3066; x_wconf 89' lang='lat' dir='ltr'><strong>autem</strong></span> <span class='ocrx_word' id='word_1_285' title='bbox 626 2999 670 3058; x_wconf 91' lang='lat' dir='ltr'><strong>sit</strong></span> <span class='ocrx_word' id='word_1_286' title='bbox 697 2996 787 3072; x_wconf 91' lang='lat' dir='ltr'><strong>dies,</strong></span> <span class='ocrx_word' id='word_1_287' title='bbox 823 3016 950 3080; x_wconf 89' lang='lat' dir='ltr'><strong>quaque</strong></span> <span class='ocrx_word' id='word_1_288' title='bbox 978 2985 1088 3061; x_wconf 86' lang='lat' dir='ltr'><strong>mente</strong></span> <span class='ocrx_word' id='word_1_289' title='bbox 1118 2997 1295 3079; x_wconf 90' lang='lat' dir='ltr'><strong>colendus,</strong></span> <span class='ocrx_word' id='word_1_290' title='bbox 1323 2999 1534 3079; x_wconf 90' lang='lat' dir='ltr'><strong>conspicuum</strong></span> <span class='ocrx_word' id='word_1_291' title='bbox 1566 2998 1604 3060; x_wconf 86' lang='lat' dir='ltr'><strong>lit</strong></span> <span class='ocrx_word' id='word_1_292' title='bbox 1636 2999 1780 3060; x_wconf 89' lang='lat' dir='ltr'><strong>maxime</strong></span> 
     </span>
     <span class='ocr_line' id='line_1_27' title="bbox 166 3098 1784 3186; baseline -0.004 -19"><span class='ocrx_word' id='word_1_293' title='bbox 166 3103 345 3186; x_wconf 87' lang='lat' dir='ltr'><strong>jejunio,</strong></span> <span class='ocrx_word' id='word_1_294' title='bbox 373 3099 457 3180; x_wconf 92' lang='lat' dir='ltr'><strong>quod</strong></span> <span class='ocrx_word' id='word_1_295' title='bbox 484 3109 615 3163; x_wconf 90' lang='lat' dir='ltr'><strong>constat</strong></span> <span class='ocrx_word' id='word_1_296' title='bbox 637 3098 722 3177; x_wconf 92' lang='lat' dir='ltr'><strong>apud</strong></span> <span class='ocrx_word' id='word_1_297' title='bbox 745 3103 897 3182; x_wconf 90' lang='lat' dir='ltr'><strong>antiquos</strong></span> <span class='ocrx_word' id='word_1_298' title='bbox 922 3101 1119 3163; x_wconf 90' lang='lat' dir='ltr'><strong>moeroris</strong></span> <span class='ocrx_word' id='word_1_299' title='bbox 1149 3110 1183 3164; x_wconf 88' lang='lat' dir='ltr'><strong>et</strong></span> <span class='ocrx_word' id='word_1_300' title='bbox 1211 3099 1357 3163; x_wconf 84' lang='lat' dir='ltr'><strong>luctris</strong></span> <span class='ocrx_word' id='word_1_301' title='bbox 1387 3101 1433 3161; x_wconf 89' lang='lat' dir='ltr'><strong>ob</strong></span> <span class='ocrx_word' id='word_1_302' title='bbox 1462 3111 1638 3182; x_wconf 87' lang='lat' dir='ltr'><strong>paccata</strong></span> <span class='ocrx_word' id='word_1_303' title='bbox 1665 3117 1784 3161; x_wconf 88' lang='lat' dir='ltr'><strong>nom-</strong></span> 
     </span>
     <span class='ocr_line' id='line_1_28' title="bbox 83 3199 1786 3286; baseline -0.002 -19"><span class='ocrx_word' id='word_1_304' title='bbox 83 3265 86 3286; x_wconf 70' lang='lat'><strong>,</strong></span> <span class='ocrx_word' id='word_1_305' title='bbox 171 3207 297 3267; x_wconf 90' lang='lat' dir='ltr'><strong>missa</strong></span> <span class='ocrx_word' id='word_1_306' title='bbox 318 3203 477 3282; x_wconf 91' lang='lat' dir='ltr'><strong>animique</strong></span> <span class='ocrx_word' id='word_1_307' title='bbox 500 3204 568 3264; x_wconf 92' lang='lat' dir='ltr'><strong>irae</strong></span> <span class='ocrx_word' id='word_1_308' title='bbox 582 3199 713 3261; x_wconf 90' lang='lat' dir='ltr'><strong>divinae</strong></span> <span class='ocrx_word' id='word_1_309' title='bbox 727 3219 827 3263; x_wconf 91' lang='lat' dir='ltr'><strong>sensu</strong></span> <span class='ocrx_word' id='word_1_310' title='bbox 846 3202 987 3282; x_wconf 89' lang='lat' dir='ltr'><strong>perculsi</strong></span> <span class='ocrx_word' id='word_1_311' title='bbox 1006 3203 1110 3265; x_wconf 84' lang='lat' dir='ltr'><strong>luisse</strong></span> <span class='ocrx_word' id='word_1_312' title='bbox 1124 3204 1232 3266; x_wconf 91' lang='lat' dir='ltr'><strong>ritum.</strong></span> <span class='ocrx_word' id='word_1_313' title='bbox 1275 3200 1337 3280; x_wconf 82' lang='lat' dir='ltr'><strong>Qui</strong></span> <span class='ocrx_word' id='word_1_314' title='bbox 1354 3211 1388 3264; x_wconf 91' lang='lat' dir='ltr'><strong>et</strong></span> <span class='ocrx_word' id='word_1_315' title='bbox 1405 3203 1600 3283; x_wconf 90' lang='lat' dir='ltr'><strong>expiationis</strong></span> <span class='ocrx_word' id='word_1_316' title='bbox 1614 3210 1648 3265; x_wconf 89' lang='lat' dir='ltr'><strong>et</strong></span> <span class='ocrx_word' id='word_1_317' title='bbox 1665 3200 1786 3284; x_wconf 87' lang='lat' dir='ltr'><strong>jejunii</strong></span> 
     </span>
     <span class='ocr_line' id='line_1_29' title="bbox 170 3301 1785 3386; baseline -0.002 -18"><span class='ocrx_word' id='word_1_318' title='bbox 170 3309 253 3369; x_wconf 88' lang='lat' dir='ltr'><strong>ritus</strong></span> <span class='ocrx_word' id='word_1_319' title='bbox 266 3304 414 3384; x_wconf 89' lang='lat' dir='ltr'><strong>publicus</strong></span> <span class='ocrx_word' id='word_1_320' title='bbox 428 3322 501 3366; x_wconf 93' lang='lat' dir='ltr'><strong>cum</strong></span> <span class='ocrx_word' id='word_1_321' title='bbox 524 3301 598 3365; x_wconf 80' lang='lat' dir='ltr'><strong>hirc</strong></span> <span class='ocrx_word' id='word_1_322' title='bbox 619 3321 640 3364; x_wconf 92' lang='lat' dir='ltr'><strong>u</strong></span> <span class='ocrx_word' id='word_1_323' title='bbox 651 3320 702 3363; x_wconf 92' lang='lat' dir='ltr'><strong>no</strong></span> <span class='ocrx_word' id='word_1_324' title='bbox 723 3306 948 3384; x_wconf 91' lang='lat' dir='ltr'><strong>quotannis</strong></span> <span class='ocrx_word' id='word_1_325' title='bbox 970 3302 1037 3366; x_wconf 90' lang='lat' dir='ltr'><strong>die</strong></span> <span class='ocrx_word' id='word_1_326' title='bbox 1052 3305 1225 3367; x_wconf 91' lang='lat' dir='ltr'><strong>institutus</strong></span> <span class='ocrx_word' id='word_1_327' title='bbox 1240 3314 1334 3366; x_wconf 89' lang='lat' dir='ltr'><strong>esset</strong></span> <span class='ocrx_word' id='word_1_328' title='bbox 1351 3303 1430 3386; x_wconf 88' lang='lat' dir='ltr'><strong>(quo</strong></span> <span class='ocrx_word' id='word_1_329' title='bbox 1444 3305 1569 3386; x_wconf 90' lang='lat' dir='ltr'><strong>„semel</strong></span> <span class='ocrx_word' id='word_1_330' title='bbox 1584 3305 1785 3385; x_wconf 88' lang='lat' dir='ltr'><strong>quotannis“</strong></span> 
     </span>
     <span class='ocr_line' id='line_1_30' title="bbox 172 3404 1784 3491; baseline -0.001 -20"><span class='ocrx_word' id='word_1_331' title='bbox 172 3405 314 3491; x_wconf 84' lang='lat' dir='ltr'><strong>pontifici</strong></span> <span class='ocrx_word' id='word_1_332' title='bbox 327 3406 468 3467; x_wconf 90' lang='lat' dir='ltr'><strong>maximo</strong></span> <span class='ocrx_word' id='word_1_333' title='bbox 483 3405 616 3486; x_wconf 89' lang='lat' dir='ltr'><strong>adytum</strong></span> <span class='ocrx_word' id='word_1_334' title='bbox 628 3404 754 3488; x_wconf 89' lang='lat' dir='ltr'><strong>ingredi</strong></span> <span class='ocrx_word' id='word_1_335' title='bbox 766 3407 874 3487; x_wconf 89' lang='lat' dir='ltr'><strong>licere,</strong></span> <span class='ocrx_word' id='word_1_336' title='bbox 891 3408 922 3467; x_wconf 91' lang='lat' dir='ltr'><strong>in</strong></span> <span class='ocrx_word' id='word_1_337' title='bbox 936 3407 1130 3487; x_wconf 91' lang='lat' dir='ltr'><strong>expiationis</strong></span> <span class='ocrx_word' id='word_1_338' title='bbox 1146 3407 1245 3468; x_wconf 91' lang='lat' dir='ltr'><strong>etiam</strong></span> <span class='ocrx_word' id='word_1_339' title='bbox 1260 3405 1324 3468; x_wconf 91' lang='lat' dir='ltr'><strong>ritu</strong></span> <span class='ocrx_word' id='word_1_340' title='bbox 1343 3404 1534 3488; x_wconf 91' lang='lat' dir='ltr'><strong>exponendo</strong></span> <span class='ocrx_word' id='word_1_341' title='bbox 1547 3423 1618 3487; x_wconf 90' lang='lat' dir='ltr'><strong>cap.</strong></span> <span class='ocrx_word' id='word_1_342' title='bbox 1632 3405 1673 3470; x_wconf 80' lang='lat'><strong>16</strong></span> <span class='ocrx_word' id='word_1_343' title='bbox 1684 3406 1784 3470; x_wconf 90' lang='lat' dir='ltr'><strong>iden·</strong></span> 
     </span>
     <span class='ocr_line' id='line_1_31' title="bbox 173 3507 1785 3592; baseline -0.001 -18"><span class='ocrx_word' id='word_1_344' title='bbox 173 3511 271 3575; x_wconf 90' lang='lat' dir='ltr'><strong>tidem</strong></span> <span class='ocrx_word' id='word_1_345' title='bbox 293 3507 564 3589; x_wconf 65' lang='lat' dir='ltr'><strong>inculcatur)21):</strong></span> <span class='ocrx_word' id='word_1_346' title='bbox 588 3507 635 3571; x_wconf 93' lang='lat' dir='ltr'><strong>ad</strong></span> <span class='ocrx_word' id='word_1_347' title='bbox 661 3509 851 3571; x_wconf 89' lang='lat' dir='ltr'><strong>universi</strong></span> <span class='ocrx_word' id='word_1_348' title='bbox 873 3509 969 3571; x_wconf 92' lang='lat' dir='ltr'><strong>anni</strong></span> <span class='ocrx_word' id='word_1_349' title='bbox 991 3517 1127 3589; x_wconf 90' lang='lat' dir='ltr'><strong>peccata</strong></span> <span class='ocrx_word' id='word_1_350' title='bbox 1148 3509 1315 3588; x_wconf 89' lang='lat' dir='ltr'><strong>pertinere</strong></span> <span class='ocrx_word' id='word_1_351' title='bbox 1337 3507 1536 3592; x_wconf 86' lang='lat' dir='ltr'><strong>intelligitur.</strong></span> <span class='ocrx_word' id='word_1_352' title='bbox 1586 3508 1711 3571; x_wconf 90' lang='lat' dir='ltr'><strong>Verum</strong></span> <span class='ocrx_word' id='word_1_353' title='bbox 1733 3510 1785 3572; x_wconf 90' lang='lat' dir='ltr'><strong>sic</strong></span> 
     </span>
     <span class='ocr_line' id='line_1_32' title="bbox 173 3609 1783 3696; baseline -0.001 -20"><span class='ocrx_word' id='word_1_354' title='bbox 173 3613 292 3696; x_wconf 89' lang='lat' dir='ltr'><strong>duplex</strong></span> <span class='ocrx_word' id='word_1_355' title='bbox 312 3611 454 3674; x_wconf 90' lang='lat' dir='ltr'><strong>oboritur</strong></span> <span class='ocrx_word' id='word_1_356' title='bbox 475 3611 641 3690; x_wconf 89' lang='lat' dir='ltr'><strong>quaestio:</strong></span> <span class='ocrx_word' id='word_1_357' title='bbox 674 3613 809 3691; x_wconf 90' lang='lat' dir='ltr'><strong>primum</strong></span> <span class='ocrx_word' id='word_1_358' title='bbox 838 3609 998 3692; x_wconf 91' lang='lat' dir='ltr'><strong>quomodo</strong></span> <span class='ocrx_word' id='word_1_359' title='bbox 1026 3609 1059 3672; x_wconf 91' lang='lat' dir='ltr'><strong>in</strong></span> <span class='ocrx_word' id='word_1_360' title='bbox 1081 3611 1260 3691; x_wconf 89' lang='lat' dir='ltr'><strong>septimo</strong></span> <span class='ocrx_word' id='word_1_361' title='bbox 1282 3612 1483 3674; x_wconf 89' lang='lat' dir='ltr'><strong>constitutus</strong></span> <span class='ocrx_word' id='word_1_362' title='bbox 1504 3629 1619 3673; x_wconf 89' lang='lat' dir='ltr'><strong>mense</strong></span> <span class='ocrx_word' id='word_1_363' title='bbox 1641 3610 1682 3674; x_wconf 93' lang='lat' dir='ltr'><strong>ad</strong></span> <span class='ocrx_word' id='word_1_364' title='bbox 1704 3614 1783 3674; x_wconf 90' lang='lat' dir='ltr'><strong>nni-</strong></span> 
     </span>
    </p>
   </div>
   <div class='ocr_carea' id='block_1_2' title="bbox 170 3809 579 3823">
    <p class='ocr_par' dir='ltr' id='par_1_4' title="bbox 170 3809 579 3823">
     <span class='ocr_line' id='line_1_33' title="bbox 170 3809 579 3823; baseline -0.015 0"><span class='ocrx_word' id='word_1_365' title='bbox 170 3809 579 3823; x_wconf 50' lang='lat' dir='ltr'><strong>—ffl</strong></span> 
     </span>
    </p>
   </div>
   <div class='ocr_carea' id='block_1_3' title="bbox 175 3951 1786 4190">
    <p class='ocr_par' dir='ltr' id='par_1_5' title="bbox 175 3951 1786 4190">
     <span class='ocr_line' id='line_1_34' title="bbox 193 3951 1785 4023; baseline -0.002 -19"><span class='ocrx_word' id='word_1_366' title='bbox 193 4018 196 4023; x_wconf 78' lang='lat'><strong>.</strong></span> <span class='ocrx_word' id='word_1_367' title='bbox 244 3957 290 4012; x_wconf 83' lang='lat' dir='ltr'><strong>te)</strong></span> <span class='ocrx_word' id='word_1_368' title='bbox 314 3955 390 4014; x_wconf 79' lang='lat' dir='ltr'><strong>Quod</strong></span> <span class='ocrx_word' id='word_1_369' title='bbox 409 3953 436 4002; x_wconf 87' lang='lat' dir='ltr'><strong>si</strong></span> <span class='ocrx_word' id='word_1_370' title='bbox 452 3954 486 4001; x_wconf 83' lang='lat' dir='ltr'><strong>ab</strong></span> <span class='ocrx_word' id='word_1_371' title='bbox 505 3951 622 4000; x_wconf 88' lang='lat' dir='ltr'><strong>aliorum</strong></span> <span class='ocrx_word' id='word_1_372' title='bbox 640 3955 800 4013; x_wconf 89' lang='lat' dir='ltr'><strong>populorum</strong></span> <span class='ocrx_word' id='word_1_373' title='bbox 817 3967 870 4004; x_wconf 87' lang='lat' dir='ltr'><strong>usu</strong></span> <span class='ocrx_word' id='word_1_374' title='bbox 888 3953 1018 4004; x_wconf 86' lang='lat' dir='ltr'><strong>recedere</strong></span> <span class='ocrx_word' id='word_1_375' title='bbox 1034 3953 1159 4016; x_wconf 84' lang='lat' dir='ltr'><strong>videtur,</strong></span> <span class='ocrx_word' id='word_1_376' title='bbox 1187 3951 1282 4015; x_wconf 87' lang='lat' dir='ltr'><strong>qulbus</strong></span> <span class='ocrx_word' id='word_1_377' title='bbox 1299 3951 1327 4002; x_wconf 92' lang='lat' dir='ltr'><strong>in</strong></span> <span class='ocrx_word' id='word_1_378' title='bbox 1346 3951 1525 4016; x_wconf 84' lang='lat' dir='ltr'><strong>Dionysiacis</strong></span> <span class='ocrx_word' id='word_1_379' title='bbox 1542 3954 1570 4002; x_wconf 87' lang='lat' dir='ltr'><strong>et</strong></span> <span class='ocrx_word' id='word_1_380' title='bbox 1588 3951 1785 4003; x_wconf 81' lang='lat' dir='ltr'><strong>Saturnalibus</strong></span> 
     </span>
     <span class='ocr_line' id='line_1_35' title="bbox 177 4036 1786 4091; baseline -0.001 -1"><span class='ocrx_word' id='word_1_381' title='bbox 177 4039 236 4091; x_wconf 87' lang='lat' dir='ltr'><strong>suis</strong></span> <span class='ocrx_word' id='word_1_382' title='bbox 254 4038 372 4088; x_wconf 79' lang='lat' dir='ltr'><strong>feminas</strong></span> <span class='ocrx_word' id='word_1_383' title='bbox 390 4038 472 4087; x_wconf 87' lang='lat' dir='ltr'><strong>etiam</strong></span> <span class='ocrx_word' id='word_1_384' title='bbox 490 4037 519 4085; x_wconf 84' lang='lat' dir='ltr'><strong>et</strong></span> <span class='ocrx_word' id='word_1_385' title='bbox 537 4047 635 4085; x_wconf 83' lang='lat' dir='ltr'><strong>servos</strong></span> <span class='ocrx_word' id='word_1_386' title='bbox 656 4036 682 4084; x_wconf 91' lang='lat' dir='ltr'><strong>in</strong></span> <span class='ocrx_word' id='word_1_387' title='bbox 700 4038 763 4086; x_wconf 83' lang='lat' dir='ltr'><strong>festi</strong></span> <span class='ocrx_word' id='word_1_388' title='bbox 782 4039 942 4089; x_wconf 83' lang='lat' dir='ltr'><strong>societatem</strong></span> <span class='ocrx_word' id='word_1_389' title='bbox 960 4040 1073 4090; x_wconf 85' lang='lat' dir='ltr'><strong>venisse</strong></span> <span class='ocrx_word' id='word_1_390' title='bbox 1091 4037 1215 4087; x_wconf 85' lang='lat' dir='ltr'><strong>constat:</strong></span> <span class='ocrx_word' id='word_1_391' title='bbox 1239 4037 1302 4087; x_wconf 84' lang='lat' dir='ltr'><strong>vide</strong></span> <span class='ocrx_word' id='word_1_392' title='bbox 1319 4047 1410 4088; x_wconf 92' lang='lat' dir='ltr'><strong>annon</strong></span> <span class='ocrx_word' id='word_1_393' title='bbox 1427 4039 1495 4088; x_wconf 84' lang='lat' dir='ltr'><strong>lraec</strong></span> <span class='ocrx_word' id='word_1_394' title='bbox 1512 4036 1695 4088; x_wconf 81' lang='lat' dir='ltr'><strong>liberalitasa</strong></span> <span class='ocrx_word' id='word_1_395' title='bbox 1713 4038 1786 4088; x_wconf 86' lang='lat' dir='ltr'><strong>dura</strong></span> 
     </span>
     <span class='ocr_line' id='line_1_36' title="bbox 175 4119 1553 4190; baseline -0.002 -15"><span class='ocrx_word' id='word_1_396' title='bbox 175 4123 266 4190; x_wconf 90' lang='lat' dir='ltr'><strong>potius</strong></span> <span class='ocrx_word' id='word_1_397' title='bbox 284 4133 428 4172; x_wconf 86' lang='lat' dir='ltr'><strong>servornm</strong></span> <span class='ocrx_word' id='word_1_398' title='bbox 445 4121 516 4184; x_wconf 90' lang='lat' dir='ltr'><strong>apud</strong></span> <span class='ocrx_word' id='word_1_399' title='bbox 532 4119 598 4169; x_wconf 85' lang='lat' dir='ltr'><strong>illos</strong></span> <span class='ocrx_word' id='word_1_400' title='bbox 616 4121 770 4173; x_wconf 88' lang='lat' dir='ltr'><strong>conditione</strong></span> <span class='ocrx_word' id='word_1_401' title='bbox 787 4125 936 4186; x_wconf 88' lang='lat' dir='ltr'><strong>repetenda</strong></span> <span class='ocrx_word' id='word_1_402' title='bbox 953 4123 1005 4190; x_wconf 88' lang='lat' dir='ltr'><strong>sit,</strong></span> <span class='ocrx_word' id='word_1_403' title='bbox 1035 4135 1105 4186; x_wconf 89' lang='lat' dir='ltr'><strong>quae</strong></span> <span class='ocrx_word' id='word_1_404' title='bbox 1122 4121 1254 4174; x_wconf 82' lang='lat' dir='ltr'><strong>Hebraeis</strong></span> <span class='ocrx_word' id='word_1_405' title='bbox 1272 4124 1356 4173; x_wconf 88' lang='lat' dir='ltr'><strong>molto</strong></span> <span class='ocrx_word' id='word_1_406' title='bbox 1375 4125 1437 4174; x_wconf 85' lang='lat' dir='ltr'><strong>arat</strong></span> <span class='ocrx_word' id='word_1_407' title='bbox 1453 4121 1553 4175; x_wconf 82' lang='lat' dir='ltr'><strong>mitior.</strong></span> 
     </span>
    </p>
   </div>
   <div class='ocr_carea' id='block_1_4' title="bbox 174 4221 1784 4462">
    <p class='ocr_par' dir='ltr' id='par_1_6' title="bbox 174 4221 1784 4462">
     <span class='ocr_line' id='line_1_37' title="bbox 243 4221 1784 4290; baseline -0.001 -13"><span class='ocrx_word' id='word_1_408' title='bbox 243 4222 292 4289; x_wconf 79' lang='lat'><strong>2⁰)</strong></span> <span class='ocrx_word' id='word_1_409' title='bbox 310 4224 404 4275; x_wconf 81' lang='lat' dir='ltr'><strong>Verba</strong></span> <span class='ocrx_word' id='word_1_410' title='bbox 421 4223 582 4287; x_wconf 79' lang='lat' dir='ltr'><strong>llwaldi,</strong></span> <span class='ocrx_word' id='word_1_411' title='bbox 607 4221 652 4286; x_wconf 86' lang='lat' dir='ltr'><strong>qui</strong></span> <span class='ocrx_word' id='word_1_412' title='bbox 668 4224 739 4274; x_wconf 81' lang='lat' dir='ltr'><strong>nunc</strong></span> <span class='ocrx_word' id='word_1_413' title='bbox 756 4237 854 4275; x_wconf 86' lang='lat' dir='ltr'><strong>nexum</strong></span> <span class='ocrx_word' id='word_1_414' title='bbox 871 4228 948 4277; x_wconf 88' lang='lat' dir='ltr'><strong>recte</strong></span> <span class='ocrx_word' id='word_1_415' title='bbox 964 4225 1033 4276; x_wconf 85' lang='lat' dir='ltr'><strong>vidit</strong></span> <span class='ocrx_word' id='word_1_416' title='bbox 1050 4226 1069 4276; x_wconf 91' lang='lat' dir='ltr'><strong>l.</strong></span> <span class='ocrx_word' id='word_1_417' title='bbox 1088 4237 1112 4278; x_wconf 93' lang='lat' dir='ltr'><strong>c.</strong></span> <span class='ocrx_word' id='word_1_418' title='bbox 1131 4238 1159 4287; x_wconf 84' lang='lat' dir='ltr'><strong>p.</strong></span> <span class='ocrx_word' id='word_1_419' title='bbox 1176 4224 1229 4275; x_wconf 78' lang='grc'><strong>433</strong></span> <span class='ocrx_word' id='word_1_420' title='bbox 1245 4226 1309 4276; x_wconf 91' lang='lat' dir='ltr'><strong>coll.</strong></span> <span class='ocrx_word' id='word_1_421' title='bbox 1327 4239 1353 4290; x_wconf 88' lang='lat' dir='ltr'><strong>p.</strong></span> <span class='ocrx_word' id='word_1_422' title='bbox 1372 4225 1424 4277; x_wconf 74' lang='lat'><strong>429</strong></span> <span class='ocrx_word' id='word_1_423' title='bbox 1440 4237 1516 4290; x_wconf 72' lang='lat' dir='ltr'><strong>seq,</strong></span> <span class='ocrx_word' id='word_1_424' title='bbox 1543 4225 1636 4276; x_wconf 71' lang='lat' dir='ltr'><strong>eadem</strong></span> <span class='ocrx_word' id='word_1_425' title='bbox 1653 4224 1702 4275; x_wconf 88' lang='lat' dir='ltr'><strong>ille</strong></span> <span class='ocrx_word' id='word_1_426' title='bbox 1719 4227 1784 4289; x_wconf 87' lang='lat' dir='ltr'><strong>qui-</strong></span> 
     </span>
     <span class='ocr_line' id='line_1_38' title="bbox 177 4307 1784 4378; baseline 0.001 -15"><span class='ocrx_word' id='word_1_427' title='bbox 177 4309 361 4363; x_wconf 83' lang='lat' dir='ltr'><strong>damnatione</strong></span> <span class='ocrx_word' id='word_1_428' title='bbox 378 4307 582 4359; x_wconf 76' lang='lat' dir='ltr'><strong>Panchatem</strong></span> <span class='ocrx_word' id='word_1_429' title='bbox 606 4320 712 4372; x_wconf 87' lang='lat' dir='ltr'><strong>qnoque</strong></span> <span class='ocrx_word' id='word_1_430' title='bbox 732 4310 815 4360; x_wconf 89' lang='lat' dir='ltr'><strong>ritum</strong></span> <span class='ocrx_word' id='word_1_431' title='bbox 833 4323 892 4361; x_wconf 88' lang='lat' dir='ltr'><strong>cnm</strong></span> <span class='ocrx_word' id='word_1_432' title='bbox 909 4322 1071 4375; x_wconf 80' lang='lat' dir='ltr'><strong>azymorum</strong></span> <span class='ocrx_word' id='word_1_433' title='bbox 1088 4309 1162 4363; x_wconf 81' lang='lat' dir='ltr'><strong>testo</strong></span> <span class='ocrx_word' id='word_1_434' title='bbox 1182 4312 1312 4378; x_wconf 83' lang='lat' dir='ltr'><strong>nectens,</strong></span> <span class='ocrx_word' id='word_1_435' title='bbox 1336 4322 1417 4375; x_wconf 87' lang='lat' dir='ltr'><strong>quern</strong></span> <span class='ocrx_word' id='word_1_436' title='bbox 1443 4309 1546 4361; x_wconf 87' lang='lat' dir='ltr'><strong>decimo</strong></span> <span class='ocrx_word' id='word_1_437' title='bbox 1570 4312 1599 4363; x_wconf 83' lang='lat' dir='ltr'><strong>et</strong></span> <span class='ocrx_word' id='word_1_438' title='bbox 1621 4308 1710 4374; x_wconf 86' lang='lat' dir='ltr'><strong>ipsam</strong></span> <span class='ocrx_word' id='word_1_439' title='bbox 1738 4312 1784 4364; x_wconf 89' lang='lat' dir='ltr'><strong>die</strong></span> 
     </span>
     <span class='ocr_line' id='line_1_39' title="bbox 174 4393 1043 4462; baseline 0.001 -14"><span class='ocrx_word' id='word_1_440' title='bbox 174 4395 299 4462; x_wconf 84' lang='lat' dir='ltr'><strong>primitus</strong></span> <span class='ocrx_word' id='word_1_441' title='bbox 313 4395 453 4457; x_wconf 89' lang='lat' dir='ltr'><strong>peractum</strong></span> <span class='ocrx_word' id='word_1_442' title='bbox 470 4393 555 4445; x_wconf 81' lang='lat' dir='ltr'><strong>inisse</strong></span> <span class='ocrx_word' id='word_1_443' title='bbox 572 4409 605 4446; x_wconf 87' lang='lat' dir='ltr'><strong>ex</strong></span> <span class='ocrx_word' id='word_1_444' title='bbox 621 4396 672 4445; x_wconf 85' lang='lat' dir='ltr'><strong>Ex.</strong></span> <span class='ocrx_word' id='word_1_445' title='bbox 692 4395 734 4462; x_wconf 83' lang='lat' dir='ltr'><strong>ta,</strong></span> <span class='ocrx_word' id='word_1_446' title='bbox 751 4395 769 4446; x_wconf 80' lang='lat'><strong>3</strong></span> <span class='ocrx_word' id='word_1_447' title='bbox 786 4397 923 4446; x_wconf 88' lang='lat' dir='ltr'><strong>concludit</strong></span> <span class='ocrx_word' id='word_1_448' title='bbox 939 4410 966 4461; x_wconf 91' lang='lat' dir='ltr'><strong>p.</strong></span> <span class='ocrx_word' id='word_1_449' title='bbox 983 4394 1043 4450; x_wconf 80' lang='lat'><strong>4³1.</strong></span> 
     </span>
    </p>
   </div>
   <div class='ocr_carea' id='block_1_5' title="bbox 242 4488 1699 4584">
    <p class='ocr_par' dir='ltr' id='par_1_7' title="bbox 242 4488 1699 4584">
     <span class='ocr_line' id='line_1_40' title="bbox 242 4488 1699 4584; baseline 0.004 -36"><span class='ocrx_word' id='word_1_450' title='bbox 242 4497 291 4559; x_wconf 83' lang='lat' dir='ltr'><strong>at)</strong></span> <span class='ocrx_word' id='word_1_451' title='bbox 310 4498 398 4560; x_wconf 72' lang='lat' dir='ltr'><strong>onam</strong></span> <span class='ocrx_word' id='word_1_452' title='bbox 422 4497 458 4550; x_wconf 81' lang='lat' dir='ltr'><strong>ol&gt;</strong></span> <span class='ocrx_word' id='word_1_453' title='bbox 476 4495 643 4561; x_wconf 82' lang='lat' dir='ltr'><strong>gravitatem</strong></span> <span class='ocrx_word' id='word_1_454' title='bbox 661 4497 774 4549; x_wconf 82' lang='lat' dir='ltr'><strong>Judaels</strong></span> <span class='ocrx_word' id='word_1_455' title='bbox 793 4500 856 4552; x_wconf 73' lang='lat' dir='ltr'><strong>diae</strong></span> <span class='ocrx_word' id='word_1_456' title='bbox 872 4509 996 4565; x_wconf 71' lang='lat' dir='ltr'><strong>manaae</strong></span> <span class='ocrx_word' id='word_1_457' title='bbox 1013 4511 1036 4549; x_wconf 87' lang='lat' dir='ltr'><strong>s.</strong></span> <span class='ocrx_word' id='word_1_458' title='bbox 1055 4499 1118 4553; x_wconf 80' lang='lat' dir='ltr'><strong>dier</strong></span> <span class='ocrx_word' id='word_1_459' title='bbox 1134 4488 1194 4548; x_wconf 77' lang='grc' dir='ltr'><strong>κατ’</strong></span> <span class='ocrx_word' id='word_1_460' title='bbox 1220 4492 1259 4559; x_wconf 77' lang='grc' dir='ltr'><strong>ἔξ.</strong></span> <span class='ocrx_word' id='word_1_461' title='bbox 1287 4495 1400 4579; x_wconf 62' lang='lat' dir='ltr'><strong>(pappa,</strong></span> <span class='ocrx_word' id='word_1_462' title='bbox 1421 4511 1484 4566; x_wconf 55' lang='lat' dir='ltr'><strong>paq</strong></span> <span class='ocrx_word' id='word_1_463' title='bbox 1503 4499 1596 4584; x_wconf 60' lang='lat' dir='ltr'><strong>pap-p)</strong></span> <span class='ocrx_word' id='word_1_464' title='bbox 1613 4500 1699 4554; x_wconf 82' lang='lat' dir='ltr'><strong>aaut.</strong></span> 
     </span>
    </p>
   </div>
   <div class='ocr_carea' id='block_1_6' title="bbox 0 0 1977 5274">
    <p class='ocr_par' dir='ltr' id='par_1_8' title="bbox 0 0 1977 5274">
     <span class='ocr_line' id='line_1_41' title="bbox 0 0 1977 5274; baseline 0 0"><span class='ocrx_word' id='word_1_465' title='bbox 0 0 1977 5274; x_wconf 95' lang='lat' dir='ltr'><strong> </strong></span> 
     </span>
    </p>
   </div>
  </div>
 </body>
</html>
