3894 5274
160 752 198 830 5,
220 751 252 815 8.
274 752 307 832 ⁷,
327 753 359 815 8.
381 751 427 827 9).
451 750 504 828 12,
520 748 575 813 32.
617 751 702 812 ΗΘΖ.
724 749 779 827 45,
799 750 852 811 25.
873 750 958 813 Neh.
980 752 1013 831 8,
1038 752 1148 832 14¹⁷).
1192 750 1297 829 Quem
1322 766 1415 813 usuro
1447 772 1489 813 ex
1510 757 1683 838 magnifico
1705 758 1782 821 lasti

161 864 322 935 apparatu
346 853 497 914 derivare
518 852 644 932 solent,
666 853 760 932 quasi
782 851 904 913 festum
926 845 996 913 aar
1017 850 1146 936 ἐξοχην;
1179 870 1243 933 qua
1265 863 1374 915 tamen
1399 855 1523 917 ratione
1544 858 1615 919 soli
1644 860 1702 919 vix
1725 863 1780 922 in-

162 958 323 1038 telligitur
346 953 503 1035 quomodo
525 955 587 1014 hoc
609 972 708 1016 unum
730 957 872 1015 omnium
896 955 972 1016 l'esti
995 958 1122 1017 nomine
1144 957 1277 1038 dignum
1293 955 1396 1017 videri
1411 960 1562 1036 potuerit.
1605 962 1780 1025 Accedunt

164 1062 218 1122 alii
239 1061 299 1121 loci
323 1061 368 1119 ita
391 1056 560 1119 tradentes
581 1061 675 1136 quasi
700 1057 822 1118 nullum
843 1068 1016 1137 praeterea
1037 1068 1149 1120 exstet
1173 1067 1229 1120 ant
1256 1060 1288 1118 in
1312 1058 1418 1137 aliquo
1440 1079 1573 1121 numero
1595 1065 1656 1141 sit,
1686 1065 1777 1126 velut

163 1161 249 1242 quod
274 1160 391 1241 illeg.
416 1159 467 1239 12,
489 1158 532 1220 32
554 1177 623 1238 seq.
667 1159 899 1236 senescamus,
921 1177 995 1219 curn
1018 1177 1115 1221 sacra
1130 1159 1268 1221 Betlrele
1289 1160 1478 1224 institueret
1499 1163 1643 1226 eJudah
1668 1176 1780 1228 trans-

162 1265 247 1342 lata,
269 1264 433 1342 „lostum“
456 1260 536 1339 (arr)
558 1264 656 1322 etiam
678 1258 752 1338 „orl
773 1258 882 1321 tiator
902 1255 984 1340 secli
1009 1259 1045 1321 ic
1066 1259 1199 1324 neurim
1222 1262 1272 1340 (Ἦ
1296 1261 1375 1352 2132)
1404 1267 1475 1326 suis
1497 1269 1682 1328 instituisse
1705 1280 1777 1330 tra-

162 1367 266 1443 ditur,
288 1378 414 1427 mutato
437 1373 564 1424 tantum
588 1380 717 1442 mense3
751 1373 785 1423 ct
806 1361 910 1424 Zach.
935 1364 984 1441 14,
1009 1362 1049 1422 16
1069 1381 1160 1442 seqq.
1191 1365 1366 1445 gentilibus
1395 1364 1436 1425 ad
1468 1387 1604 1449 regnum
1633 1370 1776 1433 divinum

164 1468 394 1529 convertendis
422 1483 539 1545 magno
567 1464 748 1525 inculcatur
778 1482 875 1544 opere
898 1474 934 1526 ut
956 1468 1130 1544 quotannis
1154 1467 1336 1528 Jerusalem
1366 1465 1485 1528 adeant
1514 1469 1555 1531 ad
1576 1471 1775 1536 adorandum

160 1572 285 1634 Jbvurn
315 1580 349 1631 et
377 1566 603 1631 celebrandurn
627 1564 750 1626 lestum
780 1567 1049 1629 umbraculorum.
1101 1567 1218 1647 Neque
1247 1568 1332 1630 aliud
1362 1587 1442 1630 sane
1471 1583 1582 1634 exstat
1610 1578 1662 1637 cui
1694 1577 1776 1640 haee

160 1673 298 1735 lorrnnla
321 1690 415 1736 nm*
438 1665 526 1732 *reb
548 1670 639 1732 naut
659 1688 691 1727 v.
706 1668 766 1745 40,
788 1670 820 1729 in
844 1671 1077 1750 antiquioribus
1090 1669 1180 1731 certe
1195 1671 1304 1750 libris,
1325 1671 1528 1734 adhibeatur.
1571 1677 1656 1738 Hinc
1678 1683 1776 1742 etiam
1867 1650 1872 1663 ¹

160 1774 378 1838 derivandum
407 1770 539 1833 videtur
566 1768 651 1850 qnod
684 1789 827 1832 nornen
858 1772 937 1834 festi
966 1773 997 1833 h.
1027 1772 1045 1832 1.
1075 1774 1198 1834 nullum
1224 1774 1380 1853 babetur,
1408 1775 1477 1835 scil.
1504 1778 1557 1837 oui
1585 1780 1672 1840 nullo
1695 1802 1776 1863 oprrs
1824 1859 1826 1863 ¹

160 1889 263 1941 esset.
286 1913 329 1923 -
372 1875 496 1936 Verum
519 1872 581 1934 hoc
603 1871 802 1953 inauditnm,
833 1875 978 1954 inquies,
1008 1885 1043 1935 et
1066 1895 1128 1935 non
1152 1894 1170 1936 a
1193 1877 1333 1937 caeteris
1355 1886 1480 1937 tanturn
1504 1878 1631 1959 legibus
1653 1882 1714 1943 sed
1736 1885 1777 1946 ab

158 1981 222 2043 boc
244 1983 316 2060 ipso
338 1980 447 2059 capite
467 1977 636 2037 absonum.
682 1976 748 2036 Sed
772 1979 803 2036 in
827 1986 920 2038 tanta
934 1977 1043 2058 legum
1066 1976 1107 2037 dc
1129 1977 1180 2036 bis
1204 1978 1301 2038 rebus
1316 1981 1476 2040 varietate
1499 1991 1532 2040 et
1547 1980 1646 2060 hujus
1668 1986 1773 2062 ipsius

157 2085 277 2164 eapitis
301 2079 521 2161 discrepantia
543 2096 586 2138 ex
609 2075 749 2139 diversis
772 2079 965 2140 staminibus
987 2080 1173 2159 compositi,
1206 2082 1238 2140 in
1267 2080 1385 2160 quibus
1408 2084 1473 2143 ista
1495 2087 1688 2161 praesertim
1711 2106 1774 2167 ap-

158 2184 278 2266 pendix
309 2192 449 2246 externa
478 2182 577 2243 ctiam
608 2181 721 2260 specie
753 2181 860 2243 aliena
887 2193 1039 2261 apparet,
1070 2182 1153 2243 baec
1175 2185 1274 2244 etiam
1297 2200 1360 2243 non
1382 2185 1546 2265 stupenda
1569 2197 1604 2248 et
1625 2206 1646 2249 a
1665 2189 1775 2251 limine

156 2287 365 2369 repellenda,
398 2282 458 2348 sed
487 2285 599 2346 altiore
630 2281 783 2364 indagine
816 2282 914 2365 digna
947 2283 1076 2345 videtur
1086 2285 1142 2362 18).
1186 2285 1261 2347 Jam
1292 2305 1365 2346 curn
1392 2307 1434 2347 ex
1469 2289 1573 2349 tribus
1606 2308 1688 2369 quae
1711 2292 1773 2352 Ex.

156 2389 209 2469 23,
234 2390 274 2450 14
296 2407 387 2468 seqq.
415 2387 575 2451 habentur
598 2384 709 2446 lestis
725 2385 861 2447 alterurn
885 2388 922 2462 (a
950 2389 1048 2446 tertio
1076 2385 1205 2465 quidem
1234 2389 1444 2468 absorptum)
1479 2392 1699 2454 intelleximus
1729 2414 1773 2455 ex
1820 2412 1828 2420 ·

160 2494 322 2555 l'estorurn
344 2490 456 2551 ordine
477 2487 669 2568 ejiciendum
694 2507 787 2566 esse,
817 2490 954 2566 primum
978 2499 1104 2549 tanturn
1127 2509 1358 2570 azymorum
1386 2510 1459 2553 curn
1484 2492 1643 2556 Pascbo
1666 2506 1773 2557 restat

161 2591 389 2673 inquirendum
420 2610 462 2652 an
492 2601 583 2651 recte
612 2590 643 2649 lr.
667 2608 693 2650 c.
723 2610 755 2650 v.
777 2590 800 2651 6
822 2599 859 2651 nt
880 2591 956 2650 alibi
985 2593 1069 2652 inter
1096 2590 1207 2652 festa
1234 2591 1405 2656 referatur.
1456 2593 1550 2671 Quod
1580 2601 1609 2658 si
1637 2597 1773 2660 adeam

160 2694 314 2775 exegeris
343 2694 502 2753 rationem
524 2709 619 2770 quam
640 2699 723 2768 part.
747 2692 771 2751 l.
801 2711 831 2771 p.
854 2692 898 2754 22
920 2711 1011 2771 seqq.
1034 2695 1186 2773 exposui,
1215 2703 1305 2755 certe
1326 2696 1410 2757 inter
1432 2695 1518 2757 festa
1540 2701 1611 2758 veri
1632 2703 1771 2763 nominis

159 2801 218 2857 vix
241 2794 426 2857 babendum
446 2811 524 2854 esse
546 2793 681 2852 senties.
726 2790 893 2869 Quomodo
916 2795 999 2854 enim
1024 2797 1106 2856 ritus
1128 2806 1195 2857 tarn
1217 2797 1348 2876 gravis,
1377 2797 1545 2876 expiandis
1576 2810 1610 2860 ct
1631 2803 1772 2885 inaugu-

157 2899 268 2960 randis
307 2897 348 2958 ad
390 2893 626 2959 sacerdotalem
662 2893 853 2976 dignitatem
888 2895 1047 2958 israelitis
1079 2898 1279 2977 inserviens,
1321 2899 1406 2959 inter
1442 2900 1585 2963 laetitiae
1625 2903 1773 2982 publicae

157 3001 410 3063 testificationes
444 3008 478 3058 et
512 2996 696 3058 oblectandi
730 2998 826 3058 animi
860 2995 961 3076 ritus,
1006 2999 1124 3078 quibus
1160 3000 1248 3061 l‘esta
1280 2998 1465 3082 indulgent,
1508 3004 1622 3073 referri
1650 3011 1771 3089 possit,

156 3102 315 3184 quomodo
345 3120 426 3163 vero
455 3117 537 3160 usus
567 3116 756 3180 azymorum
785 3133 828 3145 -
855 3100 917 3160 cibi
946 3100 1053 3160 saneti
1081 3100 1141 3161 sed
1176 3119 1289 3182 parum
1327 3101 1455 3164 delicati
1490 3115 1522 3165 et
1560 3106 1628 3167 fere
1657 3108 1771 3191 jejuni,

158 3209 212 3287 qni
241 3205 283 3267 ad
318 3203 517 3283 disciplinam
546 3203 655 3280 potius
687 3218 816 3263 sacram
849 3218 947 3280 quam
976 3203 1100 3263 victum
1136 3222 1338 3266 communem
1367 3209 1509 3285 pertinet
1535 3238 1578 3253 ·-
1607 3207 1672 3272 unit
1698 3230 1771 3274 cunr

160 3308 345 3370 fermentati
383 3303 597 3386 prohibitione
638 3305 671 3364 in
718 3302 796 3364 festi
839 3301 963 3364 deliciis
1002 3304 1131 3383 haberi,
1176 3306 1339 3387 istiusque
1380 3307 1567 3388 disciplinae
1609 3316 1772 3376 severitas
1859 3310 1863 3321 '

158 3428 229 3473 cnm
267 3409 363 3471 animi
403 3406 604 3469 relaxatione
635 3415 668 3465 et
705 3405 835 3467 licentia
868 3406 965 3467 festis
998 3423 1158 3467 concessa
1193 3409 1362 3489 epulisque
1391 3409 1488 3472 lautis
1524 3422 1560 3473 et
1599 3431 1770 3477 comessa-

72 3558 76 3571 .
159 3514 301 3575 tionibus
328 3520 479 3573 constare
511 3503 644 3588 possit‘l
685 3508 757 3570 Hoc
784 3525 866 3570 sane
897 3527 990 3569 nemo
1017 3508 1188 3590 intelliget.
1231 3508 1341 3586 Quare
1369 3530 1430 3573 nec
1453 3513 1572 3574 Paschi
1601 3534 1663 3578 nec
1684 3535 1770 3598 azy-

160 3633 282 3676 morum
315 3616 413 3675 ritum
448 3631 505 3691 pro
535 3611 622 3672 festo
651 3608 853 3688 babendum,
888 3629 949 3671 nec
978 3612 1039 3670 nisi
1069 3611 1171 3672 abusu
1207 3610 1345 3690 quodam
1379 3615 1434 3676 vel
1464 3615 1587 3679 laxiore
1622 3619 1771 3680 vocabuli

159 3736 219 3779 usu
250 3750 290 3762 -·
321 3714 499 3777 accedente
515 3713 719 3792 'praesertim
746 3712 882 3772 rationis
909 3729 1009 3771 verae
1043 3713 1222 3793 oblivione,
1259 3714 1341 3776 falsa
1375 3716 1430 3776 illo
1461 3719 1616 3780 historica
1643 3723 1769 3783 ratione

158 3820 350 3882 obliteratae
371 3819 468 3876 -in
490 3814 646 3876 festorum
675 3834 808 3875 nurnero
840 3816 980 3892 positum
1009 3816 1171 3876 existimo.
1214 3814 1307 3894 Quae
1335 3835 1408 3878 eum
1436 3821 1482 3882 ita
1510 3823 1592 3896 sint,
1622 3830 1768 3884 nostrum

161 3922 420 3983 umbraculorum
442 3919 564 3980 festum
590 3935 706 3976 revera
736 3916 866 3976 solum
896 3919 965 3976 veri
991 3920 1128 3978 nominis
1150 3917 1269 3979 festum
1294 3936 1370 3979 esse
1402 3923 1645 4003 comprobatum
1675 3926 1770 4002 quale

496 4132 562 4140 ρ,-

230 4279 275 4335 17)
299 4275 459 4341 cujusmodi
483 4278 566 4326 etiam
592 4278 637 4323 est
653 4274 722 4322 illud
741 4272 786 4321 Ps.
803 4273 891 4333 SM:
913 4287 1011 4352 „3313
1030 4271 1094 4336 ηυξ
1117 4289 1200 4338 ³0³³
1223 4277 1403 4338 ‚plenilunio
1422 4277 1469 4325 die
1488 4276 1581 4338 festi
1608 4278 1766 4341 nostri“,

159 4365 229 4426 quod
247 4364 427 4423 compositum
446 4376 507 4413 curn
526 4362 632 4426 intluta
649 4360 794 4410 novilunii
814 4362 886 4411 tubo
903 4363 936 4409 dc
954 4362 1003 4408 boc
1022 4360 1095 4408 resto
1115 4359 1213 4408 dictum
1231 4362 1354 4421 apparet.

230 4497 275 4563 18)
295 4500 349 4549 Sed
367 4498 446 4548 video
464 4499 491 4547 id
509 4510 563 4547 non
582 4500 636 4545 tam
656 4495 804 4545 inauditnm
824 4508 985 4559 essequam
1011 4498 1144 4558 putaram.
1188 4497 1306 4558 scriptis
1330 4496 1399 4545 enim
1423 4510 1492 4560 quae
1515 4513 1601 4562 supra
1624 4504 1767 4564 habentur,

157 4582 215 4645 jarn
234 4587 302 4634 idem
321 4598 373 4633 non
392 4585 517 4645 opinatus
535 4582 644 4631 invenio
663 4581 766 4643 pridem
784 4582 955 4630 contendisse
976 4581 1201 4632 Creditorum
1222 4583 1261 4631 ud
1280 4581 1355 4634 Joel.
1374 4583 1399 4645 l,
1419 4587 1459 4633 14.
1477 4586 1504 4648 2,
1519 4585 1565 4644 25.
1582 4601 1609 4648 p.
1629 4587 1678 4637 lbi)
1690 4599 1765 4648 seqq.

158 4670 210 4719 208
228 4685 318 4735 seqq.;
338 4670 410 4733 quod
429 4681 488 4718 cnm
506 4674 596 4717 mente
614 4668 776 4726 excidisset,
797 4670 919 4730 equidem
938 4669 965 4716 in
983 4667 1143 4726 textritinter
1159 4668 1329 4716 scribendum
1350 4669 1427 4718 rrrodo
1449 4672 1632 4733 observatum,
1652 4671 1697 4723 vix
1716 4682 1764 4718 rc-

159 4755 279 4805 tionlbns
298 4757 366 4805 meis
384 4756 463 4805 tidem
482 4757 599 4817 babens,
617 4762 701 4816 aegre
719 4746 890 4804 atiniserarn.

1303 4818 1357 4877 02*
