3894 5274
941 292 980 374 18

156 533 273 611 qnippe
303 529 441 591 caeteris
474 529 570 588 etiam
598 528 724 606 populis
755 528 913 607 usitatns3
943 525 1099 605 deinceps
1129 526 1170 586 ab
1200 525 1252 584 illo
1280 523 1478 589 tlieocratico
1506 527 1706 589 obliteratus.
1728 562 1771 574 -

155 632 246 712 Quae
268 648 343 692 cum
363 631 408 691 ite
424 630 501 710 sint,
523 630 704 691 institutum
722 639 812 708 patet
825 610 892 689 t'am
909 627 947 690 ad
971 645 1294 708 personasque-m
1304 647 1331 688 tr
1341 647 1384 690 es
1407 647 1552 690 sacras
1574 631 1770 710 pertinuisse

155 735 227 797 Deo
250 731 577 810 consecrandas,
600 733 746 792 nimirum
769 742 803 791 et
825 729 1071 791 sacerdotes
1093 739 1127 791 et
1148 727 1375 800 sacrificia
1405 732 1473 812 (se.
1493 729 1642 811 jumenta
1663 734 1769 792 sacri-

155 835 239 898 liciis
260 833 366 915 apta).
409 830 535 910 Quibus
551 832 620 913 jam
642 832 803 894 accedunt
826 831 1008 913 frugum,
1031 849 1114 911 quas
1136 832 1229 893 elteri
1252 828 1637 916 sacrificiornm'generi,
1657 835 1770 896 blin-

156 937 258 999 cbae
280 954 307 998 s.
333 934 480 1013 ierim,
504 936 648 1015 proprias
670 952 748 995 esse
762 942 903 1013 constat,
926 934 1153 1013 primitiae.
1176 945 1210 996 et
1224 935 1315 1014 ipsae
1328 953 1417 995 more
1441 937 1614 998 universae
1627 938 1770 1016 antiqui-

155 1040 235 1102 tatis
257 1038 327 1099 Deo
348 1055 480 1115 sacrae,
509 1038 595 1098 eirea
615 1036 701 1098 idem
726 1047 854 1115 tempus
875 1035 995 1115 duplici
1019 1037 1121 1097 forma
1143 1036 1212 1097 Deo
1241 1034 1441 1098 offerendae:
1470 1055 1609 1116 quarum
1630 1039 1770 1099 oblatio-

155 1160 230 1202 num
260 1140 405 1220 prima,
432 1136 526 1218 cujus
554 1147 684 1218 tempus
713 1141 897 1219 ignoratur,
930 1136 1063 1217 proinde
1094 1158 1114 1200 a
1146 1140 1519 1221 primogenitorum
1552 1142 1771 1202 oblatione

155 1240 339 1305 ducenda
360 1258 435 1301 esse
457 1239 596 1327 uidetur.
618 1273 661 1284 -—
705 1222 796 1303 ilaec
824 1241 924 1321 igitur
956 1250 990 1301 ut
1013 1240 1357 1320 panciseomplectar:
1389 1242 1590 1320 septimus
1619 1245 1772 1304 mensis

155 1345 478 1407 consecratione
508 1352 541 1404 et
570 1344 706 1422 populi
738 1352 770 1402 ot
800 1351 939 1403 terrae
961 1343 1086 1423 (agri),
1115 1360 1172 1421 pro
1198 1343 1341 1404 diversis
1364 1343 1532 1422 utriusque
1561 1346 1722 1406 membris
1738 1355 1772 1405 et

155 1446 384 1528 proventibus,
404 1446 594 1524 praesertim
618 1446 915 1525 primogenitis
937 1452 970 1505 et
992 1445 1208 1524 primitiis,
1231 1444 1408 1506 distinctus
1430 1443 1534 1506 fuisse
1549 1446 1772 1527 deprehendi·

156 1561 227 1629 tnr;
249 1548 460 1626 primitiarum
483 1556 610 1624 autem,
634 1565 689 1626 pro
713 1545 830 1625 duplici
853 1544 982 1628 frugum
995 1565 1116 1628 genere
1132 1556 1166 1607 et
1189 1545 1304 1608 dissito
1326 1546 1468 1607 metendi
1484 1557 1630 1628 tempore
1651 1549 1774 1630 duplici

156 1649 317 1711 oblatione
334 1649 537 1732 peragenda,
559 1651 686 1710 exactis
709 1648 1160 1728 septemseptimanis,
1188 1649 1530 1729 quinquagesimo
1554 1671 1572 1711 a
1595 1653 1696 1730 prime
1718 1652 1772 1712 die

134 1742 388 1813 consummata.
432 1749 483 1811 Ad
508 1769 642 1831 quarum
665 1769 806 1812 normam
832 1753 1007 1830 septimo
1030 1754 1157 1832 queque
1180 1769 1284 1811 anno
1307 1767 1369 1810 non
1384 1752 1543 1829 primitiae
1563 1763 1688 1817 tantum
1711 1753 1773 1814 sed

156 1855 381 1916 universus
413 1855 489 1913 anni
522 1862 755 1932 proventus
788 1851 995 1932 offerendns3
1037 1853 1162 1931 septies
1198 1862 1307 1914 autem
1341 1854 1490 1933 septenis
1522 1857 1617 1916 annis
1649 1857 1773 1936 elapsis

156 1956 504 2037 quinquagesimo
532 1963 703 2033 praeterea
732 1954 902 2034 praedia
932 1956 1030 2016 etiam
1059 1955 1165 2017 eliens
1188 1963 1221 2015 et
1251 1955 1411 2034 mancipia
1436 1956 1539 2038 gratis
1570 1958 1774 2019 restituenda

155 2057 225 2121 soil.
243 2056 369 2117 domino
384 2065 490 2117 terrae
507 2068 541 2115 et
567 2057 674 2136 populi
696 2056 858 2120 reddenda
881 2057 940 2134 (ef.
958 2057 1040 2118 berz
1058 2056 1112 2136 25,
1128 2053 1180 2118 23.
1201 2054 1269 2136 43),
1291 2059 1429 2136 quinon
1451 2057 1627 2121 dominium
1648 2079 1774 2140 perpe-

157 2170 265 2236 tuum,
294 2156 352 2220 sed
376 2175 470 2218 nsum
493 2167 616 2221 tantum
642 2169 674 2218 et
698 2157 836 2221 fructum
867 2160 960 2238 quasi
989 2159 1076 2221 locat
1106 2159 1374 2240 quinquagesimo
1402 2176 1530 2239 quoque
1560 2181 1644 2222 entre
1672 2182 1773 2224 reno-

155 2260 298 2323 vandum
322 2258 421 2341 (qnae
443 2263 536 2345 qnasi
559 2278 656 2323 aero
676 2261 723 2323 roi
744 2263 894 2341 agrariae
916 2261 1068 2323 instituta
1090 2259 1248 2336 videtur).

717 2447 747 2508 2.
776 2420 891 2509 Num.
914 2465 1005 2527 capp.
1028 2446 1070 2527 28
1092 2457 1125 2509 et
1147 2448 1199 2509 29.

241 2568 338 2633 Alius
361 2566 485 2632 dierum
508 2584 671 2631 sacrorum
695 2580 855 2627 recensus
878 2565 1014 2627 babetur
1040 2564 1139 2625 Num.
1162 2566 1205 2629 28
1227 2576 1261 2627 et
1274 2566 1335 2643 29,
1357 2565 1399 2628 ad
1423 2532 1608 2632 definienda
1636 2522 1769 2647 quidem

158 2668 383 2732 sacrificia
407 2686 597 2748 unoquoque
619 2665 851 2747 offerenda³⁸)‚
873 2667 953 2733 hev
971 2664 1158 2741 23omissa,
1183 2668 1373 2748 institutus;
1394 2668 1534 2733 eundem
1549 2669 1769 2750 quidemanni

160 2773 243 2832 sacri
266 2771 411 2834 ordinem
440 2779 594 2850 secutus,
624 2769 683 2831 sed
713 2770 808 2849 paulo
836 2769 961 2850 plenior
989 2769 1060 2835 illo:
1098 2786 1172 2830 nam
1201 2769 1388 2849 quotidiano
1421 2775 1521 2837 etiam
1551 2771 1715 2848 sacrificia
1747 2791 1774 2834 s.

153 2873 246 2955 jugia
274 2885 307 2935 et
329 2877 361 2935 in
383 2874 555 2935 noviluniis
578 2869 745 2933 offerenda
766 2872 1007 2956 complectitun
1030 2873 1179 2950 equibus
1195 2864 1325 2935 ‘illorum
1350 2891 1433 2937 saue
1456 2875 1609 2937 nullusin
1631 2893 1773 2935 recensu

160 2976 312 3039 feriarum
335 2985 369 3037 et
391 2976 548 3037 festorum
570 2983 625 3035 est
646 2973 756 3052 locus,
781 2974 1000 3043 novilunia
1022 2982 1131 3037 antem
1155 2975 1314 3037 immerito
1334 2975 1376 3037 ab
1397 2976 1451 3039 illo
1472 2979 1528 3057 qui
1549 2986 1602 3039 est
1623 2977 1705 3039 hev.
1729 2976 1776 3039 99

160 3079 294 3155 obesse,
318 3089 351 3138 et
372 3078 547 3139 casu'iorte
571 3083 695 3135 tantum
719 3075 883 3136 excidisse
905 3073 1066 3154 putanda,
1090 3086 1125 3138 nt
1146 3093 1281 3156 qnorum
1303 3077 1415 3161 religio
1435 3080 1478 3139 sit
1491 3080 1719 3159 antiquissima
1740 3088 1776 3140 et

160 3181 334 3240 universae
356 3181 541 3259 antiquitati
567 3176 782 3255 frequentata.
805 3212 846 3221 —
890 3176 1058 3238 Feriarum
1088 3187 1196 3239 autem
1225 3189 1259 3239 et
1281 3161 1440 3241 festorum
1470 3178 1594 3242 dierum
1624 3182 1775 3241 necessi-

159 3279 239 3343 tudo
261 3280 375 3340 eadem
400 3281 468 3342 iere
490 3277 743 3357 deprehenditur
766 3296 848 3358 quae
872 3279 951 3342 hev.
975 3277 1034 3359 23,
1055 3288 1091 3340 ut
1113 3277 1175 3340 hbe
1198 3280 1290 3341 velut
1311 3277 1521 3343 fundamento
1540 3283 1599 3344 uiti
1613 3279 1774 3345 videatur.

162 3623 259 3675 ritibus
278 3604 456 3684 qni'atiqnam
476 3621 679 3671 similitudinem
698 3621 797 3671 battere
815 3621 992 3670 videbantur:
1018 3633 1113 3670 verum
1130 3620 1173 3683 is,
1197 3634 1247 3683 pro
1265 3622 1373 3672 ratione
1390 3634 1442 3673 ene
1465 3608 1643 3687 asacritieiis
1663 3627 1690 3674 et
1709 3624 1774 3674 riti·

164 3711 211 3758 bus
229 3712 350 3758 veterum
372 3707 454 3756 vitan
474 3719 573 3757 novam
591 3721 624 3757 ex
636 3709 724 3755 morte
743 3694 937 3755 redimentibus
951 3706 1082 3770 dewmta,
1101 3705 1264 3756 sacrificium
1277 3707 1411 3756 Pescbale
1428 3689 1516 3769 ipsum
1528 3708 1774 3775 primogenitorum

163 3791 222 3857 ejus
239 3794 305 3845 anni
323 3790 474 3854 exemplum
492 3797 519 3842 et
536 3793 622 3842 vicem
640 3791 780 3840 sustinere
797 3791 912 3855 statutt,
930 3788 1000 3853 quod
1018 3793 1052 3842 ab
1071 3792 1122 3842 boc
1139 3790 1345 3842 alienissimum.

193 3926 207 3940 ⁹
231 3913 279 3978 98)
303 3914 378 3973 Quae
401 3894 472 3961 ratio
500 3912 526 3960 in
545 3911 607 3973 ipsa
625 3915 717 3960 stetim
736 3911 832 3972 capitis
849 3913 940 3961 fronte
958 3912 1118 3974 exprimitur
1135 3911 1178 3961 liis
1197 3911 1306 3962 verbis:
1332 3913 1531 3981 „ettenorum
1547 3926 1652 3977 mecm,
1679 3916 1776 3966 citam

144 4013 271 4062 meum,
307 3994 446 4063 renqudm
469 3996 593 4048 ibrenea
624 3997 694 4046 mttt
721 4010 795 4045 ιιιιι
797 3993 924 4048 retentio
952 3990 1129 4058 observate,
1160 3993 1307 4062 offerendo
1336 3998 1408 4050 mitt
1438 3998 1543 4051 stote
1580 4012 1643 4049 seo
1679 4002 1776 4052 tem-

163 4098 251 4151 pore
267 4077 359 4171 (iqinb
383 4076 443 4132 enm
467 4079 485 4144 3
507 4082 612 4142 explan.
633 4081 811 4142 appositionis
835 4085 894 4132 ioco
912 4083 1088 4143 praecedeuti
1105 4081 1166 4132 voci
1183 4078 1372 4146 subjunctum,
1396 4085 1428 4133 ut
1452 4077 1532 4148 suin&
1554 4079 1635 4148 tien&
1661 4084 1697 4133 sit
1718 4094 1774 4148 pro

166 4171 227 4232 ηιμ
248 4149 338 4232 inp-d)
352 4147 398 4217 ¹vel
415 4158 486 4247 sqp'gq
501 4163 563 4229 ΕΗ)
595 4167 637 4214 cf.¹
659 4168 725 4219 hev.
743 4167 771 4222 9,
792 4168 831 4218 ll.
861 4169 905 4230 21,
923 4168 957 4228 6;
983 4169 1012 4216 et
1035 4176 1059 4231 ‘2
1081 4170 1150 4232 nn·
1162 4183 1225 4230 emp
1250 4180 1300 4230 pro
1322 4176 1347 4232 ι)
1372 4165 1421 4244 ιη’,
1441 4174 1470 4218 ut
1497 4172 1564 4223 hev,
1582 4169 1609 4234 9,
1629 4169 1685 4225 to).
1721 4170 1776 4218 Ubi

163 4255 232 4303 illud
248 4255 329 4306 stete
351 4253 404 4302 erio
421 4256 549 4317 tempore
567 4248 704 4316 (mm)
723 4251 867 4301 identidem
886 4264 1033 4302 recurrens
1051 4257 1097 4313 (ut
1110 4252 1179 4317 9,9.
1201 4253 1240 4303 19.
1258 4254 1327 4306 Len
1344 4253 1388 4319 29,
1407 4245 1437 4318 l)
1463 4251 1552 4303 innuit
1576 4252 1638 4315 quid
1657 4253 1774 4314 potissi-

164 4353 236 4389 mum
253 4339 378 4402 spectent
395 4337 448 4388 ista
466 4337 643 4398 calendaria,
661 4334 689 4388 e't
706 4336 769 4400 quid
786 4336 895 4395 intersit
914 4336 989 4386 seire
1006 4338 1130 4400 ternpore
1146 4336 1226 4388 ierlis
1239 4341 1268 4389 ct
1280 4336 1360 4389 lestis
1373 4339 1502 4389 delinita:
1520 4336 1647 4388 nimirum
1660 4339 1690 4394 nt
1703 4350 1775 4400 quae

164 4427 222 4478 Deo
240 4426 374 4477 debentur.
385 4420 593 4488 juetoetiom-
605 4428 766 4497 tempora
772 4426 975 4489 praestentur,
1001 4424 1026 4473 b
1045 4436 1073 4486 ι.
1087 4435 1143 4495 ¹quq
1160 4422 1221 4486 ipse
1238 4424 1307 4475 velit
1323 4423 1429 4486 sibique
1443 4428 1562 4487 aeoepu
1577 4436 1643 4475 esse
1660 4424 1774 4487 signiti-

162 4511 277 4581 eaverit
311 4511 384 4565 iden
401 4507 520 4567 metetis
538 4509 645 4572 populis
664 4500 792 4573 religioni
810 4511 869 4571 est,
887 4507 923 4569 qi.
942 4508 976 4559 de
994 4511 1110 4574 Graecis
1129 4511 1159 4563 0.
1179 4511 1237 4562 Fr.
1256 4512 1502 4585 Hennensem
1522 4511 1538 4561 Ι.
1556 4523 1582 4565 tt
1600 4510 1630 4570 ,8.
1649 4513 1694 4573 dil,
1711 4510 1738 4560 2.
