3894 5274
947 276 973 358 2

155 515 271 596 plena,
293 530 395 593 quae,
417 528 482 591 qua
504 511 605 591 pollet
625 518 740 572 auctor
762 509 888 589 amplae
911 508 1116 588 antiquitatis
1139 509 1315 568 universae
1340 510 1456 570 notitia
1478 517 1513 570 ct
1533 509 1657 592 ingenii
1679 512 1785 574 uber-

155 626 244 695 tate,
267 617 315 676 ita
336 633 404 674 rem
429 632 523 674 suam
547 615 654 694 gessit
675 621 712 672 ut
734 631 805 672 eam
821 610 1015 692 profligasse
1038 630 1144 690 paene
1163 608 1269 670 videri
1292 613 1408 692 possit,
1431 631 1537 692 neque
1551 617 1693 676 cacteris
1715 616 1783 678 ali-

156 737 252 798 quam
276 714 463 796 disputandi
486 716 659 794 reliquisse
681 715 862 775 materiam.
905 713 990 773 Nam
1006 714 1059 792 qui
1074 722 1203 792 praeter
1227 714 1298 772 illos
1321 716 1501 775 novissimo
1524 726 1668 796 tempore
1692 718 1786 780 hunc

155 820 261 880 locum
275 820 408 898 copiose
424 825 457 877 et
472 817 635 876 subtiliter
651 817 809 877 tractavit
822 811 976 876 Biilrrlna
991 814 1241 876 Carlsruhensis
1251 816 1296 894 ⁷),
1310 817 1337 876 is
1354 836 1372 877 a
1387 819 1500 878 critica
1515 830 1628 880 nostra
1643 819 1785 883 fontium

76 966 82 979 .
156 931 190 982 ct
213 931 394 1000 temporum
423 917 726 999 distinguendorum
756 919 883 978 ratione
906 918 1142 996 alienissimuS‚
1170 917 1341 996 captandis
1364 920 1524 1000 symbolis
1552 932 1587 983 et
1613 923 1785 1004 allegoriis

155 1025 250 1085 unice
277 1025 442 1099 intentus,
465 1019 692 1080 diversissima
713 1037 863 1099 quaeque
889 1020 936 1080 ita
958 1021 1075 1080 miscet
1100 1028 1132 1079 et
1156 1018 1325 1080 confundit
1347 1021 1523 1084 luminibus
1544 1026 1614 1086 suis
1636 1025 1783 1105 undique

154 1127 287 1206 petitis,
328 1131 366 1182 ut
396 1119 437 1182 ad
476 1141 548 1183 eam
578 1140 661 1202 quae
689 1123 784 1182 nobis
812 1123 980 1202 proposita
1011 1133 1064 1183 est
1092 1123 1319 1199 quaestionem
1349 1123 1541 1187 solvendam
1570 1130 1628 1188 vix
1662 1128 1784 1210 aliquid

153 1228 304 1289 videatur
327 1225 516 1284 contulisse.

239 1328 363 1389 Verum
386 1343 460 1386 cum
482 1327 535 1407 qui
558 1326 729 1404 hucusque
751 1326 784 1384 in
807 1324 869 1384 hac
890 1326 1083 1406 quaestione
1110 1328 1235 1386 versati
1259 1336 1336 1388 sunt
1364 1328 1411 1388 ita
1438 1328 1508 1389 fore
1536 1350 1605 1392 rem
1627 1335 1783 1415 aggressi

155 1432 241 1511 sint,
275 1438 313 1490 ut
361 1427 400 1489 ab
432 1429 590 1489 universa
627 1426 788 1488 festorum
828 1428 953 1487 ratione
991 1436 1025 1488 et
1062 1437 1214 1488 caeterae
1252 1431 1455 1509 antiquitatis
1491 1433 1643 1516 analogia
1676 1438 1786 1499 exorsi

155 1530 196 1597 ad
218 1532 452 1594 Hebraicorum
476 1530 807 1591 venirenthationem
830 1528 1063 1591 deliniendam:
1093 1529 1164 1590 ficri
1186 1549 1265 1591 sane
1287 1538 1349 1591 non
1373 1534 1478 1612 potuit
1508 1535 1584 1614 quin
1613 1537 1665 1598 his
1688 1557 1781 1600 com-

153 1632 306 1717 parandis
328 1634 433 1715 magis
457 1641 491 1693 et
514 1631 555 1692 ad
574 1632 699 1693 illorum
722 1651 865 1693 normam
889 1615 1202 1714 exigendis'intcnti
1225 1652 1321 1713 quam
1345 1632 1481 1696 fontium
1512 1641 1619 1699 textui
1641 1659 1782 1704 accura-

154 1734 221 1800 tius
243 1732 478 1816 expendendo,
501 1754 566 1794 nou
587 1752 660 1794 raro
684 1754 725 1795 ea
748 1743 917 1795 sumerent
939 1743 972 1795 et
995 1736 1175 1796 rationibus
1197 1739 1268 1798 suis
1291 1748 1514 1816 supponerent
1530 1758 1613 1820 quae
1636 1754 1692 1806 aut
1717 1743 1782 1806 du-

155 1842 208 1905 bia
231 1850 265 1901 et
293 1840 419 1899 incerta
449 1844 507 1897 aut
529 1855 548 1896 a
572 1845 667 1897 textu
690 1838 786 1917 plane
809 1837 914 1898 aliena
944 1846 978 1897 et
1006 1836 1092 1899 falsa
1120 1838 1419 1918 deprehenduntur.
1462 1840 1622 1923 Equidem
1645 1857 1783 1911 contra-

154 1944 236 2004 riam
259 1948 398 2001 secutus
412 1940 518 2019 viam,
541 1937 688 1999 fontibus
710 1941 792 2019 ipsis
816 1939 1004 2022 diligentius
1027 1942 1187 2020 inspectis
1204 1951 1238 2001 et
1261 1945 1476 2024 examinatis,
1498 1944 1561 2006 hoc
1583 1945 1783 2012 lundomen-

154 2056 224 2106 tum
248 2042 373 2124 passim
396 2039 439 2102 ad
462 2041 676 2103 sustinendas
699 2042 771 2102 illas
795 2043 939 2103 rationes
962 2042 1063 2103 multo
1086 2041 1245 2104 infirmius
1268 2061 1364 2124 quam
1388 2055 1445 2106 aut
1470 2059 1701 2128 exspectarem
1726 2064 1786 2118 aut

156 2158 322 2229 optarem,
346 2153 380 2205 ct
404 2141 473 2204 lere
497 2143 611 2204 labans
635 2142 844 2225 deprehendi.
888 2142 994 2220 Quam
1010 2143 1137 2222 quidem
1153 2147 1237 2205 viam
1260 2165 1368 2208 nunc
1387 2149 1593 2227 potissimum
1605 2154 1786 2220 ineundam

155 2268 232 2312 esse
256 2265 310 2308 res
332 2248 406 2327 ipsa
428 2245 557 2307 suadet.
608 2244 694 2307 Nam
724 2264 798 2307 cum
825 2246 909 2307 haec
938 2245 978 2306 de
1009 2245 1106 2306 festis
1130 2250 1357 2310 controversia
1380 2252 1574 2315 omniafere
1602 2275 1645 2316 ex
1668 2257 1786 2341 legum

153 2355 300 2432 ipsarum
321 2350 354 2410 in
376 2346 604 2409 Pentateucho
627 2347 847 2429 dispersarum
871 2348 1033 2409 varietate
1056 2357 1090 2409 et
1113 2349 1333 2412 inconstantia
1354 2361 1425 2413 orta
1447 2355 1668 2442 intelligatur3
1699 2362 1788 2428 haee

153 2465 265 2516 autem
288 2461 357 2514 tum
381 2451 421 2513 ab
445 2461 616 2512 auctorum
638 2460 672 2512 ct
694 2461 876 2531 temporum
901 2450 1110 2533 diversitate,
1141 2461 1210 2512 tum
1246 2471 1325 2514 vero
1354 2455 1452 2517 etiam
1475 2476 1494 2518 a
1517 2457 1629 2522 textris
1652 2465 1787 2528 ratione

154 2555 307 2617 videatur
329 2552 524 2633 repetenda:
548 2551 616 2634 jam
640 2553 719 2614 nihil
742 2554 906 2634 antiquius
928 2551 1116 2615 habendum
1139 2573 1216 2616 esse
1244 2566 1335 2635 patet
1363 2576 1460 2638 quam
1483 2569 1520 2621 ut
1550 2561 1680 2624 admota
1711 2569 1788 2648 pri.

154 2676 243 2720 mum
266 2666 300 2719 ct
322 2656 426 2718 critici
457 2664 491 2717 et
519 2656 708 2737 interpretis
736 2665 835 2735 opera
863 2665 931 2717 tum
960 2657 1054 2737 leges
1082 2659 1166 2718 istae
1196 2666 1306 2720 aetate
1334 2678 1396 2720 sua
1425 2660 1686 2746 distinguantur,
1715 2680 1789 2735 tum

155 2779 236 2822 vero
260 2755 375 2821 textus
396 2758 592 2839 integritas,
621 2776 746 2840 nexuS,
775 2777 941 2839 verusque
963 2776 1082 2820 sensus
1107 2760 1346 2842 investigetur,
1376 2771 1554 2846 antequam
1583 2767 1623 2829 de
1655 2773 1790 2838 ratione

155 2861 275 2945 aliquid
306 2860 389 2949 certi
418 2869 594 2922 statuatur.
646 2860 738 2921 Idem
768 2859 930 2944 Georgius
961 2861 1111 2923 sensisse
1140 2862 1291 2944 videtur,
1326 2866 1461 2928 eandem
1491 2871 1579 2930 viam
1606 2873 1792 2955 ingressus

154 2963 309 3028 laudabili
331 2962 486 3043 consilio,
507 2961 680 3024 dummodo
703 2965 867 3025 saniorem
889 2964 986 3025 crisin
1009 2964 1223 3027 adhibuisset.

229 3066 334 3147 'Quae
348 3066 420 3128 c'um
433 3067 481 3127 ita
494 3067 571 3145 sint,
587 3065 841 3146 disputationem
856 3067 904 3128 ita
917 3068 1090 3128 instituere
1105 3069 1304 3147 propositum
1321 3077 1384 3149 est,
1399 3078 1435 3131 ut
1447 3073 1586 3151 primum
1599 3074 1695 3159 leges
1708 3081 1790 3144 sin-

156 3174 252 3257 gulas
275 3170 494 3231 Pentateuehi
518 3169 676 3248 temporis
697 3168 810 3230 ordine
830 3169 1021 3248 distinctas,
1044 3188 1104 3231 suo
1124 3187 1284 3248 quamque
1304 3172 1375 3232 loco
1401 3175 1549 3256 integras
1574 3179 1793 3269 exhibentes,

156 3281 387 3359 argumentum
402 3290 574 3334 ascusam
590 3271 764 3332 verborum
780 3273 808 3333 si
823 3271 898 3353 quid
911 3272 1040 3333 obscuri
1055 3272 1109 3332 vel
1123 3275 1326 3333 controversi
1339 3274 1461 3338 habeat
1474 3278 1642 3362 indagare,
1652 3292 1791 3356 textum

156 3382 186 3442 si
205 3375 282 3459 quid
302 3376 386 3438 labis
407 3375 461 3435 vel
484 3374 741 3455 perturbationis
755 3392 876 3454 passus
898 3375 942 3435 sit
963 3375 1144 3455 integritati
1165 3393 1247 3436 suae
1269 3385 1304 3437 et
1326 3376 1429 3439 ordini
1443 3383 1638 3463 restituere;
1662 3384 1791 3453 deiude

158 3480 322 3562 cujusque
343 3478 487 3538 instituti
508 3495 621 3538 veram
645 3489 679 3539 et
701 3479 895 3557 primitivam
926 3478 993 3538 vim
1016 3487 1051 3538 et
1071 3478 1248 3557 rationem,
1276 3489 1488 3561 mutuamque
1518 3499 1602 3562 quae
1624 3488 1707 3565 ipsis
1729 3491 1791 3554 in-

156 3582 296 3646 tercedit
318 3579 616 3661 necessitudinem,
638 3589 673 3641 et
695 3578 854 3660 quomodo
877 3581 1001 3641 sensim
1027 3581 1198 3640 immutata
1219 3581 1252 3640 in
1274 3581 1359 3644 hanc
1381 3583 1517 3644 formam
1540 3590 1788 3657 etsocictatem

156 3685 355 3764 coaluerint,
376 3682 581 3765 investigare
601 3684 754 3744 nitamur.
797 3683 851 3744 Ne
874 3692 983 3744 tamen
1005 3681 1135 3764 longius
1159 3682 1322 3745 discurrat
1341 3688 1510 3767 quaestio,
1538 3688 1624 3751 intra
1653 3694 1787 3759 trium

156 3787 365 3851 festorum
395 3803 481 3866 quae
515 3787 644 3866 proprie
673 3785 840 3866 dicuntur,
878 3785 1283 3866 anniversariorum,
1318 3785 1403 3848 fines
1430 3808 1503 3850 eam
1536 3793 1787 3883 contineamus3

157 3888 199 3954 de
228 3887 390 3953 sabbatho
413 3888 620 3968 caeterisque
640 3889 802 3950 institutis
825 3886 1073 3950 sabbathalibns
1096 3886 1159 3950 alio
1183 3897 1331 3973 tempore
1354 3888 1580 3973 disceptaturi.

241 3993 318 4056 Jam
340 4009 413 4053 cum
437 3989 686 4071 antiquissimae
709 3991 749 4053 de
771 3992 867 4055 festis
889 3992 983 4074 leges
1004 3991 1037 4052 in
1059 3987 1192 4050 Exodi
1214 3991 1298 4052 libro
1321 3988 1520 4076 habeantur,
1549 4006 1618 4057 tum
1640 3999 1789 4084 singulis

156 4106 227 4159 tum
249 4095 348 4156 etiam
368 4095 402 4154 in
425 4090 534 4155 orbem
559 4094 616 4156 vel
645 4104 795 4176 systema
818 4092 1021 4175 conjunctis,
1050 4091 1112 4153 bac
1140 4093 1270 4173 quidem
1299 4094 1487 4177 disputandi
1514 4101 1687 4164 occasione
1713 4105 1789 4170 isto

157 4195 218 4260 rios
240 4196 320 4259 libro
343 4197 600 4279 continebimus,
621 4199 770 4278 proxima
792 4197 832 4260 ad
855 4204 1007 4258 caeteros
1028 4195 1246 4258 Pentateuclri
1268 4198 1366 4261 libros
1388 4203 1603 4284 progressuri.

227 4521 260 4581 7)
276 4520 422 4586 symbolik
440 4521 491 4573 ter
510 4524 584 4576 Mos.
602 4522 710 4575 cottus.
728 4522 805 4574 'rom
823 4518 855 4570 11.
872 4532 898 4583 p.
915 4519 970 4571 aab
985 4532 1061 4584 seqq.
