3894 5274
961 531 997 611 lt

174 779 230 843 sed
253 780 285 840 in
310 775 490 854 septimo
512 776 622 854 potius
643 775 662 834 i.
685 793 714 833 e.
738 772 813 833 anni
835 770 968 852 fastigio
991 771 1117 850 positae
1146 769 1374 852 intelliguntur
1383 765 1443 848 ²⁸).
1487 766 1630 846 Quorum
1652 776 1779 829 utrum-

170 903 232 963 qne
246 899 328 942 curu
351 881 598 955 septenaria
619 877 824 936 contineatur
846 875 973 934 ratione
995 904 1034 917 —
1056 871 1134 933 illud
1156 871 1292 947 dicrum,
1310 872 1373 932 hoc
1395 868 1630 932 hebdomadum
1654 902 1707 946 -‚
1728 869 1780 930 la-

170 987 231 1047 cile
254 989 390 1063 apparet
411 997 507 1058 quam
529 978 590 1039 hoc
612 987 722 1056 aptum
745 977 792 1039 sit
811 975 916 1036 mensi
936 977 1087 1054 septimo.
1130 974 1247 1054 Neque
1269 975 1393 1035 numeri
1415 982 1541 1035 tantum
1572 982 1648 1055 apte
1677 973 1780 1032 mensi

169 1087 382 1161 conveniunt,
403 1080 461 1149 sed
483 1082 556 1160 ipsa
578 1081 675 1141 etiam
697 1078 781 1141 ritus
803 1080 974 1157 utriusque
995 1078 1078 1137 ratio
1098 1076 1245 1156 quadrat.

257 1203 401 1264 Primum
424 1202 510 1261 enim
533 1198 616 1280 quod
639 1199 792 1261 Pasclti
816 1207 850 1257 et
870 1214 1060 1276 azymorum
1082 1197 1179 1257 ritum
1201 1195 1337 1267 attinet,
1369 1193 1421 1254 ltic
1443 1192 1512 1274 jam
1542 1203 1618 1273 apte
1645 1202 1780 1272 apparet

167 1310 199 1367 in
223 1309 299 1367 anni
322 1304 466 1384 fastigio,
488 1303 529 1362 ab
552 1303 604 1362 illo
625 1300 887 1379 expiationis
911 1301 974 1358 ritu
1003 1300 1059 1376 qui
1093 1299 1125 1357 in
1145 1300 1222 1359 anni
1244 1298 1352 1358 limine
1373 1298 1575 1357 constitutus
1596 1304 1648 1356 est
1680 1294 1780 1355 fasti-

167 1419 283 1490 gatus:
319 1407 464 1466 nimirum
495 1407 534 1465 ab
563 1404 795 1464 universae
823 1399 1087 1479 reipublicae
1114 1400 1300 1479 expiatione
1327 1396 1455 1458 rudiore
1482 1395 1715 1477 quodammodo
1745 1406 1777 1455 et

167 1510 380 1571 elementaria
401 1506 443 1568 ad
466 1506 654 1585 penitiorem
681 1512 714 1564 et
737 1504 932 1563 sanctiorem
957 1502 1218 1583 singulorum
1245 1499 1514 1581 patrumfamilias
1547 1517 1621 1561 cum
1651 1498 1779 1561 l'amiliis

168 1614 239 1674 suis
261 1610 540 1671 consecrationem
562 1607 593 1667 lt.
609 1625 638 1667 e.
661 1603 916 1686 inaugurandum
940 1604 1177 1665 sacerdotalem
1201 1603 1403 1686 dignitatem⁷
1424 1604 1465 1664 ab
1489 1604 1610 1662 unius
1633 1602 1696 1663 dici
1716 1602 1779 1662 ritu

167 1713 211 1775 ad
239 1709 555 1791 septendialem.
609 1708 749 1768 'l'antnm
778 1708 878 1789 igitur
907 1707 1002 1768 abest
1032 1717 1067 1767 ut
1095 1707 1252 1768 alteruter
1275 1705 1418 1767 abundet
1439 1705 1494 1765 vel
1516 1705 1652 1764 alterum
1676 1704 1780 1780 tollat,

167 1826 205 1876 nt
237 1817 371 1896 egregia
403 1813 511 1892 potius
536 1811 693 1870 societate
714 1808 886 1871 videantur
906 1811 1092 1887 compositi:
1125 1807 1284 1889 siqnidem
1306 1808 1470 1888 paschalis
1491 1808 1574 1866 ritus
1602 1806 1687 1866 illius
1716 1822 1780 1865 ex·

165 1919 309 1999 piatione
331 1928 484 1995 tanquam
507 1911 717 1972 fundamento
740 1914 808 1990 niti,
830 1913 1032 1990 expiatorius
1060 1930 1140 1973 vero
1169 1912 1332 1990 paschalis
1354 1910 1588 1990 complemento
1621 1924 1778 1967 consum·

167 2021 247 2081 mari
270 2017 471 2098 intelligitur.
517 2016 574 2074 llle
597 2014 726 2094 quidem
752 2015 947 2093 expiationis
970 2013 1010 2075 ad
1034 2013 1263 2075 tollendum
1286 2025 1445 2074 reatum
1467 2031 1510 2072 cx
1530 2013 1618 2071 vitae
1637 2026 1779 2069 commu-

167 2123 220 2181 nis
254 2122 441 2199 impuritate
475 2128 676 2178 contractum
707 2115 1005 2195 impetrandamqne
1036 2126 1242 2195 peccatorum
1270 2119 1494 2177 remissionem
1523 2116 1708 2187 institutus,
1745 2110 1778 2168 in

167 2223 347 2284 avertendo
382 2221 464 2280 malo
496 2222 625 2298 positus
664 2219 886 2299 (negativus,
927 2223 955 2278 si
984 2220 1082 2279 venia
1110 2219 1246 2297 verbo),
1281 2219 1431 2279 omuibus
1466 2217 1594 2296 populis
1629 2230 1779 2275 commn-

168 2322 292 2404 nis²⁹]:
331 2322 495 2403 paschalis
524 2340 604 2381 vero
641 2319 682 2381 ad
711 2321 1050 2399 consequendum
1082 2323 1180 2382 etiam
1211 2322 1371 2397 bonnm,
1405 2318 1632 2381 sustinendam
1661 2318 1779 2396 quippe

167 2431 377 2487 sanctitatem
400 2424 707 2486 sacerdotalem
730 2434 764 2483 et
785 2426 1103 2484 communionem
1126 2441 1213 2486 cum
1233 2424 1332 2501 Deo,
1362 2441 1441 2504 crgo
1464 2420 1778 2493 theocraticns,

165 2528 228 2588 soli
250 2527 367 2606 populo
390 2527 568 2587 lsraelitico
593 2526 750 2604 proprius.
795 2522 890 2600 Quod
911 2523 1084 2587 discrimen
1107 2526 1316 2586 sacrificii
1346 2527 1444 2586 etiarn
1467 2525 1650 2587 discrimine
1672 2520 1779 2601 signi·

163 2628 294 2690 licetur:
318 2628 520 2706 expiatorias
534 2627 618 2686 enim
643 2626 856 2704 piaculari
874 2627 1002 2707 (unum)
1015 2626 1195 2706 conficitur,
1214 2630 1245 2688 in
1260 2630 1401 2689 cacteris
1415 2629 1513 2689 etiam
1526 2627 1644 2688 ritibus
1655 2623 1696 2683 ad
1712 2621 1779 2681 tol-

158 2727 294 2792 lendum
307 2738 433 2789 reatum
458 2730 596 2804 usitat03
619 2727 783 2806 paschalis
797 2746 878 2789 vero
893 2730 1047 2808 peculiari
1062 2740 1096 2791 et
1110 2731 1191 2792 alitis
1205 2730 1358 2807 inaudito,
1380 2729 1555 2810 pacifici
1574 2737 1609 2788 et
1624 2724 1778 2787 eucha-

160 2832 307 2893 ristici
329 2829 457 2910 quidem
480 2831 623 2909 generis,
648 2839 683 2891 ut
697 2828 783 2908 quod
798 2848 895 2891 unum
919 2829 1131 2894 offerentibus
1151 2835 1235 2893 sacri
1256 2834 1535 2911 participationem
1553 2829 1779 2903 communicet,

162 2932 222 2995 sed
244 2931 525 2993 sacerdotalis
548 2931 637 3009 (scil.
660 2950 680 2992 a
702 2931 938 3010 patrefamilias
959 2933 1144 2996 sacerdotis
1165 2953 1337 3015 personam
1360 2937 1546 2997 sustinente
1568 2932 1696 3010 oblati),
1717 2946 1777 2989 sa-

163 3034 345 3095 cerdotii
364 3034 711 3096 s.communionis
732 3034 917 3097 cumDeo
931 3036 1062 3116 insigni.
1092 3037 1305 3098 illosaicus
1323 3039 1422 3120 igitur
1435 3054 1512 3098 esse
1525 3030 1778 3114 deprehenditur

165 3137 438 3215 (circumcisionis
468 3135 608 3214 socius).
642 3135 736 3198 Unde
758 3135 970 3198 derivandum
993 3138 1070 3198 mihi
1092 3136 1224 3200 videtur
1245 3139 1340 3220 qnod,
1362 3149 1441 3201 vera
1453 3141 1579 3201 ratione
1593 3137 1776 3211 obliterata,

164 3237 318 3318 deinceps
340 3258 360 3300 a
381 3257 488 3300 rerum
508 3239 540 3298 in
564 3240 759 3320 Aegypto
781 3249 951 3321 gestarum
975 3242 1131 3302 memoria
1153 3244 1331 3320 repetituS,
1358 3245 1454 3304 anni
1476 3243 1640 3303 initium
1669 3236 1709 3297 ad
1738 3253 1777 3295 se

162 3340 324 3421 traheret,
364 3351 399 3403 et
432 3343 630 3401 mensium
663 3341 809 3402 ordine
843 3352 1002 3404 mutato
1035 3344 1287 3422 primum·sibi
1310 3344 1501 3423 vindicaret,
1524 3343 1593 3405 scil.
1617 3359 1681 3422 qno
1703 3341 1776 3399 Ae-

161 3452 266 3524 gypto
288 3445 417 3526 egressi
440 3452 534 3504 erant
557 3445 597 3521 (a
619 3460 682 3522 qno
704 3447 776 3505 sine
799 3443 897 3506 dubio
917 3444 1057 3525 posthac
1078 3464 1212 3507 aeram
1236 3446 1482 3528 ducenantiffl).

229 3730 274 3794 26)
295 3734 345 3780 list
363 3743 430 3781 sune
448 3733 519 3793 quod
537 3730 654 3797 objicias
672 3737 744 3784 ltnnc
761 3749 903 3785 numerum
927 3738 1150 3787 intercalato
1174 3751 1296 3787 metrse
1314 3740 1375 3789 loco
1394 3737 1498 3789 moveri
1516 3739 1543 3784 et
1570 3731 1690 3782 tortari:
1723 3729 1774 3775 sed

162 3814 251 3864 istum
269 3829 323 3864 non
343 3819 481 3879 proprium
500 3830 643 3866 numerum
662 3823 692 3867 et
711 3823 799 3869 locum
820 3823 975 3882 occupasse
992 3835 1025 3870 cx
1040 3823 1148 3871 nomine
1166 3837 1243 3885 *mm
1266 3824 1340 3872 torte
1362 3837 1472 3873 sumere
1495 3824 1566 3871 licet.
1614 3815 1772 3875 Antiquitas

159 3904 254 3950 autem
272 3903 367 3950 nescio
385 3913 491 3951 crinon
511 3903 631 3951 incertus
648 3906 738 3963 potins
757 3907 862 3955 dierum
882 3919 1010 3955 rrrrmerus
1027 3911 1093 3956 ante
1111 3909 1220 3968 septimi
1237 3890 1381 3957 =novilunii
1399 3912 1574 3969 conspectum
1593 3904 1628 3952 ad
1651 3912 1772 3961 aequan-

160 3985 224 4033 dum
245 3999 303 4034 curn
324 3989 383 4036 solc
401 4001 500 4037 annunt
518 3989 601 4036 fuerit
619 3989 808 4042 intercalatus.

226 4071 275 4135 29)
294 4072 396 4131 Qrtales
414 4073 576 4133 praesertim
596 4075 674 4123 verni
693 4075 846 4135 piaculares
863 4078 891 4124 et
908 4077 1051 4126 cathartici
1067 4079 1139 4139 apud
1164 4080 1322 4129 Graecos
1348 4078 1468 4140 Apollini
1493 4080 1521 4126 et
1544 4073 1676 4125 Artemidi
1701 4070 1773 4119 sacri

156 4157 231 4216 apud
248 4156 279 4208 ζ’.
298 4158 349 4207 llr.
367 4146 602 4210 Hermnaam'l.
622 4170 645 4207 c.
665 4157 690 4224 §.
708 4159 751 4212 47.
769 4160 806 4208 to
818 4161 866 4223 al.,
885 4171 903 4209 a
921 4162 1046 4226 Boario,
1067 4165 1234 4214 maaianai.
1255 4175 1309 4213 non
1327 4163 1388 4213 sine
1404 4174 1505 4226 magna
1522 4161 1581 4209 veri
1602 4158 1694 4222 specle
1713 4169 1774 4205 cum

158 4239 295 4291 Pascho
315 4236 466 4304 comparati
483 4245 532 4302 (ci.
551 4244 626 4295 Part.
645 4245 667 4307 l,
686 4260 709 4306 p.
729 4243 795 4308 23);
815 4258 882 4308 qnos
900 4247 1022 4308 equidem
1040 4250 1091 4298 linc
1107 4250 1199 4310 potins
1218 4250 1380 4298 referendos
1399 4262 1463 4297 csse
1480 4251 1580 4297 statuo.

226 4325 273 4391 30)
309 4330 405 4376 Utrum
423 4332 514 4378 antem
531 4331 565 4378 ab
582 4329 659 4379 initio
678 4338 814 4392 septem
831 4331 889 4380 dies
906 4333 1091 4401 occupaverit,
1109 4345 1145 4384 an
1168 4347 1235 4385 nno
1253 4337 1398 4384 contentus
1425 4335 1509 4383 tuerit
1536 4329 1772 4396 (quemadmodum

154 4410 298 4475 plerisque
314 4414 398 4462 testis
414 4427 466 4463 usu
479 4415 574 4463 venire
585 4414 759 4482 accepimus),
778 4420 822 4465 est
839 4419 909 4480 qnod
927 4417 1044 4482 circites,
1061 4419 1193 4481 siquidem
1212 4433 1283 4469 tritus
1299 4425 1404 4470 tanturn
1421 4419 1492 4483 (scil.
1510 4414 1696 4483 egressionis)
1712 4413 1771 4460 dies

155 4508 305 4561 memoriae
324 4499 467 4549 mandatur
484 4511 647 4562 azymorum
663 4502 717 4550 ritu
736 4504 913 4552 celebrandus
930 4504 1294 4570 ux.ta,a12,t⁷.14(nni
1312 4507 1356 4555 est
1372 4503 1466 4570 ffins'p
1488 4521 1536 4568 :tn
1560 4505 1628 4567 'inti
1651 4514 1774 4573 uniant,

155 4584 236 4645 quasi
254 4584 296 4632 liic
313 4587 419 4633 tanturn
438 4586 524 4632 festus
540 4586 605 4647 sit];
625 4588 847 4648 quemadmodum
865 4589 946 4637 etiam
966 4589 1106 4640 Pasclralis
1125 4601 1181 4641 una
1205 4594 1284 4641 nocte
1307 4593 1471 4641 continetur.
1513 4592 1596 4642 Certe
1619 4589 1668 4638 Ex.
1695 4585 1772 4647 1:3‚6

154 4679 217 4717 cum
235 4669 387 4732 septimo
407 4669 559 4719 vindicetur
577 4675 724 4736 testum,
743 4675 785 4740 12,
804 4674 834 4722 ta
853 4678 945 4723 autem
962 4675 1048 4737 primo
1066 4680 1095 4725 et
1111 4677 1227 4739 septimo
1245 4677 1476 4729 communicentur
1494 4677 1628 4740 feriae,
1644 4684 1696 4723 non
1707 4678 1770 4718 cer-

154 4754 214 4803 tam
231 4757 259 4802 et
275 4758 446 4805 constantem
464 4759 539 4817 patet
557 4758 590 4806 de
607 4757 650 4806 iris
666 4759 760 4808 ltatieri
782 4759 963 4811 traditionem.
1471 4778 1475 4785 ·
