3894 5274
935 530 1129 613 23÷;÷‚÷‚

157 775 280 841 additis
301 793 359 854 pro
382 793 470 836 more
491 793 577 854 quae
598 771 642 834 ad
663 770 877 834 asciscendus
900 773 1062 833 convivas
1077 780 1119 832 ¹et
1140 770 1246 832 loeurn
1270 773 1346 834 festi
1367 774 1549 855 pertinent3
1579 779 1700 838 omisso
1723 788 1779 840 ta-

158 898 233 943 men
256 886 405 938 octavo
427 875 629 938 celebritatis
651 874 712 936 die.

242 980 391 1057 Denique
412 976 602 1062 clausula
631 973 671 1037 de
694 974 811 1054 tripliei
840 974 943 1036 onmis
972 974 1106 1065 maseuli
1136 993 1245 1037 eoram
1266 972 1356 1039 tho
1385 981 1584 1060 apparitione
1607 1000 1649 1041 ex
1672 978 1778 1045 Emod.

158 1080 212 1163 34,
228 1078 293 1159 ¹23,
325 1078 432 1141 addita
456 1080 657 1161 singulorum
680 1074 837 1143 festorum
860 1077 1103 1139 enumeratione
1126 1075 1196 1157 (ubi
1224 1078 1357 1141 tandem
1384 1083 1477 1145 venit
1503 1079 1581 1143 iliud
1603 1101 1712 1149 nexuri
1737 1097 1778 1149 arr

159 1204 191 1247 v.
216 1184 231 1245 1
261 1182 511 1261 desideratum).

243 1287 368 1347 Horum
396 1286 425 1343 si
447 1282 654 1363 reputaveris
677 1281 838 1341 rationem
866 1277 960 1341 mode
988 1260 1173 1357 expositam
1203 1278 1325 1362 (qualis
1346 1281 1415 1342 fere
1436 1286 1591 1346 universo
1613 1285 1778 1347 Deutero-

161 1389 266 1449 nomio
287 1385 462 1447 intercedit
484 1404 557 1447 eum
579 1381 741 1462 prioribus
761 1381 889 1461 libris),
910 1379 1007 1442 facile
1029 1379 1194 1463 intelliges
1217 1400 1313 1462 quarn
1335 1401 1448 1463 parurn
1470 1395 1548 1466 apta
1571 1387 1638 1448 sint
1660 1385 1701 1447 ad
1724 1387 1777 1447 in-

106 1538 119 1553 .
160 1489 390 1574 vestigandam
413 1488 573 1549 festorum
596 1484 770 1559 rationem,
792 1482 912 1544 nedum
927 1481 976 1579 ad
991 1482 1195 1545 aestimanda
1215 1496 1250 1544 et
1273 1484 1467 1569 corrigenda
1485 1506 1526 1548 ea
1547 1507 1632 1571 quae
1654 1488 1777 1570 priores

160 1590 232 1657 iibri
263 1591 418 1668 tradunt,
450 1597 484 1648 et
513 1596 655 1668 quantae
689 1583 795 1646 fraudi
818 1583 939 1646 fuerint
960 1586 1084 1647 criticis
1106 1586 1246 1660 nostris,
1275 1587 1331 1667 qui
1360 1597 1484 1650 tantum
1508 1609 1571 1651 non
1593 1609 1705 1653 onmes
1726 1589 1779 1652 his

161 1700 292 1759 ineante
320 1694 371 1755 usi
403 1700 497 1772 sunt3
532 1689 618 1751 unde
651 1707 716 1749 non
751 1706 863 1769 parurn
892 1685 1095 1751 confusionis
1125 1696 1230 1749 ortum
1264 1688 1370 1751 video.
1415 1691 1531 1772 Itaque
1563 1711 1625 1773 ego
1659 1693 1778 1753 nullam

161 1800 287 1861 omnino
310 1793 407 1872 hujus
431 1795 586 1854 rationem
610 1790 790 1853 habendam
815 1808 891 1851 esse
914 1791 1080 1851 existimo.

214 2120 217 2125 ’
245 2124 306 2183 ilis
328 2120 489 2181 haetenus
513 2115 707 2199 disputatis,
729 2118 899 2195 primum
922 2113 1052 2194 quidem
1073 2114 1135 2176 hoe
1155 2115 1281 2197 patebit
1302 2096 1514 2197 quam'varia
1535 2126 1569 2178 et
1587 2120 1779 2179 inconstans

162 2206 320 2287 festorum
343 2223 373 2283 in
397 2219 614 2283 Pentateuehi
644 2217 774 2301 legibus
803 2219 848 2279 sit
869 2218 969 2296 ratio,
997 2235 1157 2298 quamque
1179 2219 1305 2287 ineerta
1326 2237 1367 2280 ae
1388 2218 1458 2281 fere
1487 2218 1575 2281 nulla
1601 2221 1645 2282 sit
1667 2237 1779 2281 eorum

162 2324 246 2389 fides
266 2336 301 2387 et
316 2327 494 2389 auotoritas
516 2341 601 2404 quae
625 2319 665 2381 de
688 2321 802 2383 horum
825 2321 948 2401 origine
969 2329 1005 2383 et
1027 2321 1154 2383 ratione
1176 2319 1363 2399 truduntur,
1384 2339 1469 2402 quoe
1491 2323 1522 2381 in
1545 2321 1781 2402 antiquissimis
1885 2362 1891 2369 -

160 2431 260 2491 etiarn
282 2430 413 2508 penitus
437 2421 892 2505 obliteratadeprehenditur.
937 2421 1213 2501 Quemadmodum
1242 2422 1326 2502 apud
1348 2434 1499 2484 caeteros
1521 2425 1620 2484 etiam
1643 2425 1779 2504 populos

160 2530 322 2610 ejusmodi
353 2530 491 2612 ritibus„
519 2546 537 2587 a
567 2544 693 2586 summa
722 2525 797 2589 inde
826 2525 1020 2603 antiquitate
1054 2524 1258 2606 repetendis,
1292 2525 1395 2586 falsae
1424 2544 1543 2587 causae
1574 2537 1608 2587 et
1637 2528 1780 2608 origines

156 2629 329 2713 praetendi
353 2630 475 2706 soient3
506 2627 588 2705 quod
615 2628 773 2687 Hebraeis
795 2623 924 2706 quidem
951 2629 1050 2688 multe
1073 2628 1168 2687 etiam
1194 2629 1299 2709 magis
1323 2628 1482 2689 accidisse
1504 2629 1671 2707 videmus,
1693 2626 1781 2708 quod

157 2747 228 2793 tum
253 2743 403 2790 auctores
427 2730 534 2809 legum
557 2745 639 2805 quas
660 2729 799 2806 scriptas
820 2724 977 2789 habemus
1001 2731 1034 2789 in
1056 2732 1121 2809 his,
1145 2739 1180 2793 ut
1202 2731 1234 2789 'm
1258 2731 1368 2793 multis
1385 2731 1473 2806 aliie,
1494 2733 1600 2809 magis
1623 2732 1780 2793 rationem

159 2851 318 2893 suanis.
347 2833 512 2893 notionem
541 2826 703 2909 quandam
730 2830 838 2891 animo
862 2829 1074 2893 informatam
1108 2834 1214 2895 seouti
1242 2832 1346 2893 fnisse
1375 2831 1527 2895 videntur
1556 2852 1651 2911 qnam
1674 2850 1780 2911 usum,

161 2946 234 2996 turn
263 2952 342 2994 vero
365 2934 448 2994 haee
477 2950 589 3010 saera,
622 2949 704 3010 quae
733 2940 883 3011 paoatum
907 2942 942 2993 et
969 2931 1139 2994 florentem
1162 2936 1239 3013 reip.
1262 2943 1384 2995 statum
1408 2937 1590 3015 requirunt,
1623 2936 1684 2996 hoe
1707 2943 1780 2995 tur·

161 3038 240 3099 bato
276 3038 379 3115 ipsius
421 3035 460 3099 V.
496 3036 532 3094 Τ.
572 3033 636 3094 fide
672 3052 748 3094 mox
783 3052 864 3114 prae
901 3035 1040 3096 caeteris
1083 3036 1212 3096 turbata
1249 3046 1284 3097 et
1318 3037 1447 3097 exoleta
1487 3036 1780 3117 deprehenduntur.

118 3158 125 3167 ·
161 3136 320 3200 Deinde
347 3156 447 3216 vero,
476 3156 540 3197 non
570 3148 636 3198 tam
667 3135 809 3198 abditam
840 3144 873 3196 et
907 3134 1094 3227 impeditam
1133 3155 1209 3201 esse
1241 3136 1399 3219 cujusque
1435 3141 1593 3200 rationem
1628 3140 1706 3225 quin
1737 3157 1780 3209 ex

162 3240 282 3302 rituum
306 3249 423 3301 natura
444 3249 478 3300 et
499 3239 651 3323 analogia
672 3238 867 3323 investigari
888 3226 1024 3323 possitq¹
1043 3237 1130 3321 quod
1158 3220 1309 3320 equidem
1332 3260 1427 3321 spere
1450 3260 1514 3303 non
1536 3245 1607 3303 sine
1630 3243 1738 3303 fruotu
1760 3260 1781 3303 a

167 3361 218 3403 rne
242 3352 414 3404 tentatum.
460 3341 664 3423 Denique,
697 3340 1058 3407 difficillimum-autem
1085 3344 1226 3406 emnium
1255 3362 1332 3405 esse
1360 3345 1496 3404 orbem
1529 3354 1562 3405 et
1595 3343 1778 3405 ordinem

165 3442 316 3505 feriarum
339 3453 373 3503 et
396 3443 553 3504 festorum
573 3462 667 3523 quern
689 3445 782 3526 leges
804 3443 962 3505 exhibent
982 3443 1024 3506 ad
1046 3455 1168 3506 eortam
1184 3445 1334 3527 redigere
1349 3446 1522 3527 rationem3
1546 3446 1641 3527 idque
1657 3464 1697 3507 ea
1717 3463 1779 3525 po·

168 3548 326 3607 tissimum
351 3546 390 3606 de
413 3565 512 3607 carisa
536 3547 620 3625 qumi
644 3550 697 3607 isti
721 3565 803 3626 quos
825 3546 983 3609 habemus
1006 3565 1048 3607 ex
1071 3546 1255 3608 diversis
1285 3544 1415 3610 conflati
1438 3565 1514 3609 esse
1538 3549 1777 3631 intelliguntur:

165 3650 284 3729 quippe
307 3650 447 3710 tieemsu
470 3651 625 3727 temporis
648 3648 823 3710 identidem
847 3648 1031 3727 rafietis,
1061 3660 1100 3710 ao
1123 3658 1310 3711 mutatae
1335 3651 1526 3730 praesertim
1549 3652 1645 3710 anni
1666 3669 1778 3711 corn-

165 3752 378 3829 pntationi
407 3751 666 3812 accommodatis.
719 3750 767 3810 De
792 3769 855 3831 quo
884 3751 958 3831 quid
987 3752 1126 3814 sentiam
1155 3762 1189 3813 et
1212 3770 1351 3832 augurer
1373 3755 1481 3833 potius
1504 3734 1601 3832 quam
1623 3761 1778 3827 statuam,

148 3852 322 3933 ‚indicavi3
346 3864 556 3933 conspectum
582 3856 679 3913 etiam
703 3852 871 3914 additurus
893 3855 955 3914 nisi
978 3856 1132 3933 temporis
1147 3855 1294 3935 urgentis
1311 3857 1475 3934 angustiis
1489 3855 1645 3915 exclusus
1660 3872 1777 3915 essem.
