3894 5274
975 602 1017 703 ,5.

187 845 286 907 Num.
308 842 362 923 28,
384 839 513 905 27-30
535 841 707 919 habentur,
728 838 870 901 caeteris
889 848 1131 922 consentanea,
1159 805 1358 920 magnopere
1385 836 1549 902 differunt.
1592 840 1701 903 Prima
1723 844 1797 923 qui·

186 947 262 1009 dem
283 944 438 1023 manipuli
458 943 580 1006 oblatio
604 960 678 1005 cnm
700 940 873 1004 sacrificiis
893 941 965 1002 suis
986 960 1042 1002 vv.
1066 937 1193 1002 10-13
1210 949 1247 1000 et
1268 958 1288 1001 a
1309 943 1531 1022 superioribus
1541 941 1648 1005 llxodi
1659 944 1797 1027 legibus,
1894 944 1898 953 “

186 1057 225 1110 et
242 1067 264 1110 a
284 1047 383 1109 Num.
406 1047 503 1108 otiam
526 1047 635 1125 capite
663 1045 764 1106 citato
795 1042 923 1104 omnino
952 1043 1057 1104 abest
1107 1041 1224 1103 Altera
1250 1053 1360 1106 autem
1392 1062 1476 1126 quae
1504 1044 1629 1107 duobus
1656 1045 1794 1125 panibus

184 1150 383 1229 continetur,
405 1151 507 1212 nri-*m
529 1161 616 1214 nmen
639 1156 673 1209 et
694 1156 806 1209 namn:
828 1145 935 1229 dictis,
956 1144 1073 1206 eadem
1095 1145 1167 1206 sine
1195 1143 1291 1206 dubio
1318 1162 1402 1225 quae
1430 1149 1493 1208 Ex.
1515 1146 1567 1227 23,
1590 1148 1630 1209 16
1658 1141 1797 1228 „festo

185 1249 337 1313 messis
357 1267 384 1310 s.
404 1247 667 1329 primitiarum“
700 1246 922 1330 significatur,
955 1248 987 1307 in
1016 1247 1114 1308 Num.
1142 1248 1162 1310 l.
1192 1265 1220 1310 c.
1248 1237 1386 1310 habetur
1412 1249 1542 1329 quidem
1563 1283 1603 1294 —
1624 1247 1659 1311 et
1681 1250 1795 1311 eodem

185 1355 285 1429 etiam
299 1351 428 1415 nomine
447 1355 547 1417 muium
567 1366 665 1427 ermom,
687 1370 744 1431 pro
767 1350 853 1410 festo
875 1359 984 1410 tamen
1007 1346 1098 1411 dies
1109 1347 1341 1430 primitiarum
1356 1350 1510 1429 (nantem-t
1532 1351 1606 1432 nit)
1624 1352 1795 1413 diotus-:

184 1436 255 1518 sed·
269 1453 429 1517 sacrificia
448 1455 493 1515 ibi
515 1455 667 1515 oblationi
687 1451 841 1532 adjuncta
863 1469 997 1537 prorsus
1019 1451 1059 1512 ab
1081 1451 1134 1513 his
1157 1451 1289 1514 diversa
1311 1462 1406 1532 sunt,
1429 1472 1489 1513 non
1515 1474 1645 1515 numero
1669 1458 1794 1514 tanturn

183 1558 376 1637 hostiarum,
397 1553 456 1618 sed
479 1554 709 1619 sacrificiorum
731 1555 830 1615 etiam
853 1572 984 1636 genere.
1029 1553 1114 1615 Nam
1135 1572 1208 1615 cum
1230 1553 1294 1615 illic
1317 1566 1446 1634 praeter
1474 1565 1601 1635 septem
1630 1575 1732 1639 agnos
1754 1592 1804 1607 —s

183 1658 321 1722 totidem
343 1665 380 1719 ut
401 1658 432 1720 h.
454 1657 473 1718 l.
495 1693 538 1703 —
561 1658 624 1719 duo
640 1656 777 1737 juvenci
799 1666 834 1717 et
856 1674 941 1718 uuus
963 1658 1049 1718 aries
1072 1675 1128 1736 pro
1152 1655 1342 1718 holocausto
1366 1655 1430 1720 un'a
1460 1677 1534 1719 cum
1563 1660 1651 1720 lrirco
1679 1663 1794 1739 piacu-

182 1762 306 1825 lari-
328 1761 492 1822 constanti
516 1761 680 1820 universis
702 1759 798 1820 lestis
820 1760 943 1821 ratione
966 1793 1005 1802 —
1029 1759 1282 1838 praecipiantur:
1305 1759 1336 1841 lr.
1360 1760 1380 1821 Ι.
1403 1779 1487 1821 unus
1515 1761 1652 1821 habetur
1670 1761 1796 1840 juven-

183 1883 245 1927 cus
267 1875 302 1926 et
331 1864 394 1925 dno
416 1865 548 1940 arietes,
570 1872 700 1941 praeter
723 1862 946 1923 holocaustum
970 1880 1048 1922 vero
1071 1872 1105 1922 et
1127 1861 1287 1941 piaculare
1310 1852 1532 1941 pacilinum
1555 1865 1651 1923 etiam
1688 1864 1793 1924 duo-

182 1985 267 2029 rum
289 1985 487 2048 agnorum
508 1963 663 2043 additum,
686 1963 770 2044 quod
793 1974 827 2025 et
850 1963 891 2024 ab
915 1965 999 2025 illius
1021 1963 1098 2025 sesti
1120 1974 1154 2025 et
1176 1964 1216 2024 ab
1239 1967 1394 2027 universo
1424 1964 1581 2026 festorum
1611 1969 1675 2025 ritn
1698 1967 1794 2026 Num.

185 2086 278 2148 capp.
300 2069 353 2130 28.
374 2068 426 2132 29.
450 2066 751 2129 ιιιιΙίῑσιιὴΙιοιιοι.
796 2065 934 2127 Accedit
955 2065 1042 2146 quod
1071 2065 1191 2128 fertum
1219 2085 1251 2130 v,
1284 2063 1324 2126 ta
1352 2085 1436 2148 agno
1465 2070 1588 2148 primae
1621 2068 1795 2128 'oblationis

186 2171 379 2233 holocausto
400 2168 544 2230 additum
567 2169 726 2230 duabus
746 2176 877 2230 constat
898 2169 1024 2230 similae
1047 2168 1244 2247 decimis,‘
1257 2186 1330 2228 oum
1353 2169 1428 2230 alibi
1440 2169 1525 2232 ferta
1536 2170 1631 2253 agnis
1642 2168 1795 2247 adjuncta

183 2290 312 2353 semper
326 2272 465 2353 singulis
481 2281 607 2333 tantum
621 2272 744 2332 similae
759 2270 894 2333 decimis
906 2270 1100 2333 efficiantur.
1144 2271 1215 2333 Hoc
1236 2271 1335 2351 igitur
1358 2271 1398 2332 ad
1421 2270 1586 2334 diuersam
1609 2272 1648 2334 ab
1670 2271 1724 2332 illa
1737 2272 1794 2331 ob-

187 2376 343 2439 lationum
364 2382 400 2434 et
421 2373 651 2456 sacrificiorum
674 2375 831 2434 rationem
854 2376 1017 2453 pertinere
1041 2382 1142 2453 patet.
1157 2407 1195 2417 -
1219 2373 1368 2454 Denique
1379 2376 1411 2434 in
1431 2373 1495 2435 fine
1507 2395 1540 2437 v.
1551 2375 1603 2438 22.
1617 2373 1792 2453 subjuncta

180 2478 325 2539 cernitur
347 2477 400 2538 lex
424 2476 465 2537 de
486 2479 576 2559 agris
592 2496 654 2536 non
674 2475 714 2537 ad
732 2477 885 2558 angulum
900 2476 1085 2558 (extrema)
1098 2493 1202 2556 usqne
1216 2474 1418 2538 demetendis
1451 2487 1485 2558 et
1509 2477 1677 2558 spicilegio
1700 2494 1791 2536 mes-

165 2579 229 2641 sis
243 2579 440 2659 pauperibus
455 2578 665 2660 relinquendo
679 2578 741 2659 (ex
756 2596 827 2658 cap.
844 2577 894 2658 19,
909 2578 939 2638 9.
950 2577 991 2640 10
1004 2579 1203 2659 contracta),
1221 2579 1261 2640 ab
1276 2578 1418 2642 hocloco
1434 2598 1567 2659 prorsus
1582 2578 1735 2657 alienass).
1749 2611 1790 2621 —

178 2681 233 2743 Ex
265 2680 382 2759 quibus
414 2682 562 2742 omnibus
595 2690 732 2761 apparet
764 2682 865 2741 istum
898 2679 938 2740 de
970 2681 1120 2760 primitiis
1153 2678 1329 2742 offerendis
1368 2681 1474 2743 locum
1502 2683 1558 2761 qui
1584 2700 1642 2741 vv.
1665 2678 1788 2741 9-22

177 2783 377 2854 continetur,
401 2790 503 2842 totum
526 2783 566 2842 ab
589 2782 651 2842 hoc
674 2783 832 2844 festorum
854 2782 966 2843 ordine
989 2794 1054 2843 tam
1079 2783 1181 2844 forma
1213 2801 1309 2863 quam
1331 2794 1524 2864 argumento
1544 2783 1789 2856 alienissimum,

177 2882 347 2945 aliunde
369 2883 507 2963 petitum
532 2893 566 2944 et
587 2882 651 2944 huc
673 2885 870 2946 translatum
894 2902 981 2945 esse.
1027 2883 1121 2946 Unde
1143 2905 1221 2946 vero
1244 2885 1444 2964 repetendus
1467 2888 1522 2964 sit,
1545 2883 1698 2962 deinceps
1717 2882 1788 2942 dis-

177 2983 371 3066 quirendum
395 2985 467 3047 erit.

261 3135 292 3198 3.
314 3138 390 3201 Jarn
412 3158 471 3199 vv.
492 3138 535 3200 28
556 3157 647 3220 seqq.
670 3141 877 3220 septimus
899 3141 992 3200 venit
1014 3141 1188 3220 mensis,
1212 3142 1377 3220 triplici
1405 3142 1458 3202 ille
1483 3139 1613 3221 quidem
1642 3135 1787 3198 solenni·

177 3248 246 3302 tute
266 3241 471 3321 conspicuus.
1655 3240 1657 3245 ’

259 3359 287 3403 a.
310 3341 454 3404 Primum
476 3340 674 3404 uvas-25
696 3342 853 3422 primus
875 3341 974 3422 hujus
997 3343 1121 3404 mensis
1143 3343 1214 3405 dies
1233 3363 1259 3405 s.
1283 3346 1546 3407 novilunium
1568 3338 1786 3406 Sabbatho

176 3442 297 3532 (qinqtp'
317 3445 337 3506 i.
354 3462 391 3526 lq.
413 3448 481 3533 rupit}
501 3445 544 3507 of.
567 3465 600 3506 v.
625 3445 652 3506 1.
675 3443 728 3509 32.
751 3444 803 3524 16,
813 3442 866 3505 at.
888 3445 951 3504 Ex.
974 3443 1027 3525 31,
1041 3445 1089 3508 15.
1111 3444 1297 3529 35,aeto.)
1319 3449 1338 3508 i.
1362 3467 1390 3509 e.
1412 3449 1521 3527 operis
1544 3444 1732 3508 cessatione
1754 3449 1788 3499 et

174 3548 329 3609 concione
350 3565 456 3630 sacra,
478 3556 651 3627 praeterea
673 3557 782 3610 autem
804 3547 993 3610 tubarum
1016 3549 1210 3631 clangore
1226 3551 1369 3638 (aprum)
1391 3549 1584 3630 distinctum
1608 3545 1694 3609 unde
1716 3540 1786 3604 dies

173 3641 342 3731 clauporr’a
363 3649 481 3732 (aarum
502 3649 569 3731 nu)
595 3648 705 3712 dietus
726 3649 822 3711 Num.
841 3649 894 3729 29,
915 3650 986 3730 1⁷).
1023 3649 1085 3728 Qui
1098 3653 1228 3734 clangor
1241 3652 1451 3715 cumdioatnr
1469 3653 1499 3714 h.
1513 3652 1532 3713 l.
1545 3663 1647 3718 aaran
1668 3650 1780 3731 qim

172 3747 203 3811 lr.
227 3766 257 3826 p.
279 3749 457 3815 memoriae
485 3769 586 3814 causa
612 3753 801 3826 institutus,
837 3751 900 3814 hoo
929 3771 972 3813 ex
995 3754 1069 3835 lege
1092 3753 1133 3816 de
1156 3755 1305 3816 tubarum
1328 3773 1391 3817 usu
1409 3752 1598 3833 Num.10,l
1613 3766 1704 3831 seqq.
1725 3764 1783 3805 rc·

170 3838 347 3931 petendum
376 3853 520 3916 videtur:
554 3853 610 3914 ubi
637 3873 669 3914 v.
693 3853 736 3917 10
756 3853 925 3916 Israelitae
941 3853 1099 3934 jubentur
1128 3860 1161 3918 in
1184 3856 1280 3917 lestis
1302 3868 1336 3918 et
1358 3859 1534 3919 noviluniis
1555 3855 1598 3918 ad
1620 3847 1782 3915 sacrificia

171 3938 232 4015 sn'a
260 3956 449 4018 holocausta
471 3965 505 4018 et
528 3954 664 4035 pacifica
685 3955 838 4039 clangere
863 3955 1011 4038 tubis8),
1041 3967 1078 4020 ut
1099 3959 1201 4040 „ipsis
1224 3960 1444 4021 memoriae
1467 3962 1533 4020 sint
1555 3950 1780 4037 apudDenm“

234 4277 266 4335 6)
284 4280 359 4330 llaec
375 4277 439 4328 milii
460 4279 569 4339 proprio
583 4281 671 4329 Marte
690 4281 838 4330 observata
850 4277 910 4344 jam
922 4281 1002 4332 video
1021 4283 1151 4344 pleraque
1171 4272 1269 4333 dudum
1289 4288 1420 4348 occupata
1431 4297 1492 4334 esse
1505 4296 1522 4331 u
1535 4281 1696 4345 Georpio
1714 4277 1775 4326 llhr.

166 4360 213 4416 cit.
232 4364 446 4416 dieJaidisclteu
458 4366 543 4415 Festo
562 4380 585 4426 p.
606 4365 750 4417 tta—128.

236 4463 347 4529 notro
370 4467 543 4516 faciterium
567 4466 634 4515 nun
658 4468 759 4518 rmum.
782 4469 828 4531 ar,
846 4472 879 4519 4:
903 4469 1027 4535 ‚nnuma
1048 4472 1148 4523 totam
1174 4475 1387 4536 nuntronio,
1419 4476 1447 4523 et
1464 4472 1626 4534 plenilunio
1644 4471 1690 4518 ote
1707 4450 1785 4529 resti

163 4549 291 4603 anatri“.
326 4550 454 4601 Unicum
469 4553 596 4617 ‚Jestom
614 4551 767 4604 nostrom“
789 4554 823 4603 ad
842 4556 1200 4622 tabernaculorum‚festum
1217 4559 1393 4609 referendum
1411 4559 1447 4606 ait
1462 4556 1545 4621 (quod
1560 4556 1633 4604 infra
1653 4549 1776 4615 pateuit),

163 4638 215 4688 loo
233 4637 339 4699 septimi
358 4636 467 4685 mensis·
479 4637 644 4687 novilunium
662 4638 870 4702 intelligendum
889 4654 952 4691 ease
974 4646 1090 4695 constat.

227 4739 259 4804 8)
279 4739 508 4801 Quemadmodum
525 4741 584 4789 tere
602 4740 805 4803 apndGraecos
822 4741 896 4795 trous
914 4746 1039 4796 occinere
1050 4746 1339 4812 soleuaotsaeriticiis,
1349 4761 1374 4794 v.
1389 4747 1419 4797 O.
1428 4748 1478 4798 dr.
1492 4743 1696 4797 Hermanno·
1709 4742 1774 4804 pot-

152 4827 231 4887 Μ.
251 4825 393 4879 alteriue.
411 4827 438 4877 d.
456 4825 599 4878 Grmcdm
616 4827 642 4888 8.
661 4827 695 4876 36
713 4832 779 4887 not„
792 4829 831 4879 td.
