3894 5274
196 828 340 876 versum
362 810 450 872 illum
473 826 594 870 annum
616 805 779 888 pertinere
801 803 940 886 ejusque
960 805 1036 866 anni
1058 812 1201 883 peccata
1218 803 1351 885 expiare
1373 804 1435 869 dici
1456 807 1573 888 possit,
1596 816 1630 869 ct
1644 825 1819 887 quarenon

142 950 145 954 ·
200 921 238 979 in
259 916 326 978 line
347 915 457 993 potius
478 911 533 972 vel
556 909 728 990 sequentis
748 908 840 968 initio
862 908 1039 970 collocatus
1062 908 1115 968 sit.
1159 905 1303 987 Deinde,
1335 911 1486 989 quoniam
1508 909 1747 971 Paschalem
1777 910 1824 970 ri-

158 1065 161 1069 .
203 1031 276 1082 tum
298 1027 332 1078 et
354 1017 461 1094 ipsum
485 1011 647 1093 expiando
669 1009 904 1091 quodammodo
927 1019 961 1071 et
984 1007 1148 1071 sacrando
1177 1009 1311 1090 populo,
1348 1019 1383 1072 et
1403 1011 1494 1072 initio
1516 1011 1644 1093 quidem
1666 1011 1825 1092 cujusquo

204 1122 293 1201 anni,
313 1118 500 1179 institutum
525 1133 602 1176 esse
625 1113 844 1194 probavimus,
865 1129 1024 1193 quaenam
1055 1112 1141 1172 inter
1169 1100 1343 1192 utrumque
1372 1115 1456 1175 ratio
1485 1114 1686 1177 intercedere
1714 1125 1824 1176 statu-

205 1222 293 1286 enda
309 1221 353 1280 sit
367 1219 534 1298 quaeritur
544 1218 607 1297 22).
645 1217 695 1278 De
717 1233 780 1296 qua
802 1214 897 1297 paulo
920 1223 995 1294 post
1018 1211 1058 1274 dc
1079 1213 1211 1276 diverso
1233 1216 1310 1276 enni
1331 1215 1423 1276 initio
1446 1218 1680 1295 quaerentibus
1695 1215 1824 1278 dicendi

205 1328 299 1388 locus
322 1323 426 1401 aptior
448 1324 518 1382 erit.

292 1457 413 1519 Restat
441 1450 613 1537 septimi
643 1453 799 1514 mensis
826 1453 1099 1532 novilunium,
1132 1471 1188 1513 vv.
1211 1449 1370 1531 23-25,
1404 1452 1489 1534 quod
1516 1457 1667 1534 quamvis
1694 1457 1725 1517 in
1756 1457 1824 1534 ipso

205 1543 306 1643 hujus
334 1561 395 1621 loci
424 1556 550 1620 dicendi
579 1573 702 1638 genere
737 1553 814 1614 nihil
851 1553 921 1615 fere
948 1556 1132 1616 inveniatur
1160 1553 1245 1636 quod
1274 1553 1338 1616 huc
1369 1556 1454 1618 trahi
1485 1558 1589 1636 possit
1628 1559 1710 1637 (nisi
1741 1557 1825 1618 forte

207 1663 334 1746 parat),
351 1673 465 1722 tamen
489 1658 602 1720 eodem
625 1656 696 1717 loco
718 1654 902 1718 habendum
921 1655 1050 1718 videtur
1079 1675 1176 1738 quam
1207 1667 1339 1720 caetera
1367 1659 1495 1737 septimi
1517 1659 1640 1719 mensis
1661 1661 1825 1721 instituta.

208 1763 282 1842 Quo
304 1762 457 1841 admisso,
481 1763 543 1822 tria
564 1761 619 1820 illa
641 1760 773 1838 septimi
795 1762 918 1821 mensis
940 1761 1092 1820 instituta
1112 1761 1266 1822 continua
1286 1761 1372 1820 serie
1392 1761 1439 1822 ita
1460 1771 1658 1841 sequuntur,
1681 1773 1717 1822 ut
1739 1763 1827 1822 alte·

210 1885 280 1928 rum
306 1865 400 1926 alteri
423 1875 504 1943 part.
527 1880 570 1951 qq
592 1878 724 1927 numero
748 1860 811 1922 diei
834 1861 1013 1941 praemissa
1036 1882 1069 1922 v.
1091 1861 1143 1923 27.
1165 1859 1210 1922 39
1233 1871 1305 1941 apte
1324 1879 1362 1924 se
1384 1861 1557 1946 adjungat,
1591 1873 1627 1924 ct
1655 1863 1703 1923 sic
1724 1882 1826 1946 egre·
1874 1900 1876 1904 .

212 1969 266 2051 gia
287 1977 442 2028 nascatur
455 1966 576 2026 ordinis
591 1964 805 2049 concinnitas
843 1963 910 2024 Vix
933 1973 1043 2024 tamen
1066 1963 1181 2025 credas
1204 1966 1235 2024 in
1260 1965 1363 2049 solum
1385 1968 1515 2045 septimi
1538 1966 1660 2026 mensis
1682 1965 1826 2024 numeri-

211 2089 274 2152 que
298 2069 536 2150 septenarii
559 2067 710 2127 honorem
733 2084 751 2125 a
774 2067 915 2127 caeteris
939 2067 1115 2127 noviluniis
1139 2065 1327 2128 distinctum
1349 2066 1461 2129 fuisse.
1506 2068 1606 2131 Certe
1637 2067 1826 2128 tubarum

212 2173 410 2254 clangore
424 2189 472 2250 m,
496 2186 599 2249 aquo
622 2185 737 2229 nomen
761 2167 869 2249 habet,
892 2188 955 2229 non
979 2168 1019 2230 ad
1041 2167 1254 2230 accinendum
1277 2178 1403 2231 tantum
1426 2170 1593 2232 sacrificiis
1608 2172 1734 2250 Doique
1750 2187 1825 2229 me·
1863 2227 1872 2240 ,

212 2273 344 2336 moriam
366 2270 601 2338 inclementiam
625 2271 683 2352 (ut
704 2281 755 2331 est
778 2269 875 2331 Num.
899 2271 953 2352 10,
975 2269 1005 2332 9.
1031 2270 1088 2353 10)
1110 2272 1311 2352 inserviisse,
1333 2270 1390 2332 sed
1414 2271 1454 2333 ad
1475 2272 1740 2334 indicendam
1761 2288 1824 2350 po-

213 2378 280 2438 tius
303 2377 475 2457 publice
498 2375 559 2435 diei
583 2373 812 2435 solennitatem
835 2374 1032 2452 pertinuisse
1054 2407 1093 2417 —
1116 2372 1385 2454 quemadmodum
1408 2385 1540 2436 caetera
1566 2376 1665 2435 etiam
1694 2373 1824 2434 novilu-

212 2471 267 2541 nia
287 2478 505 2540 indictacssc
527 2475 681 2537 videntur
704 2474 765 2556 (cf.
789 2489 969 2554 κηρυσσειν
999 2494 1184 2557 νουμηνιαν
1206 2476 1291 2556 apud
1313 2476 1477 2553 Graecos)
1499 2510 1539 2520 —
1562 2495 1605 2538 ex
1626 2477 1707 2538 hav.
1729 2476 1782 2554 25,
1798 2475 1827 2535 ’9

215 2597 304 2662 seqq.
328 2581 475 2661 colligas,
498 2577 551 2639 ubi
573 2577 708 2658 decimo,
731 2577 939 2658 expiationis,
961 2576 1013 2638 die
1042 2580 1192 2640 tubarum
1221 2580 1330 2640 sonitu
1359 2597 1479 2640 annum
1504 2579 1658 2657 jubileum
1688 2576 1826 2658 ejusque

214 2682 398 2743 libertatem
421 2698 478 2758 per
500 2687 619 2738 terram
643 2677 741 2739 indici
758 2678 902 2758 jubetur.
947 2677 1040 2757 Quod
1064 2681 1127 2743 etsi
1149 2683 1275 2743 mireris
1297 2701 1361 2742 non
1383 2681 1444 2743 lrdc
1469 2681 1581 2761 potius
1611 2699 1707 2761 quam
1730 2679 1827 2759 expi-

211 2781 333 2844 ationis
356 2779 408 2841 die
427 2778 610 2842 faciendum
629 2777 753 2859 juberi,
786 2788 894 2839 tamen
917 2780 958 2841 ab
982 2782 1044 2843 lroc
1064 2785 1213 2864 exemplo
1236 2782 1331 2844 facile
1354 2784 1463 2846 discas
1485 2770 1621 2845 similem
1654 2783 1700 2844 illi
1728 2780 1826 2860 hujus

216 2884 379 2965 clangoris
407 2901 484 2944 esse
514 2882 683 2943 rationem.
724 2880 807 2949 ulam
828 2899 908 2942 vero
931 2885 1008 2944 anni
1034 2895 1069 2945 et
1098 2886 1279 2948 sabbathioi
1307 2897 1340 2947 et
1363 2886 1475 2966 jobilei
1503 2887 1643 2962 initium,
1674 2885 1827 2963 illamque

216 2985 326 3066 jobilei
347 2984 553 3046 indictionem
574 2985 605 3044 in
628 2984 734 3063 ipsum
757 2984 853 3045 anni
874 2984 1037 3047 initium
1059 2987 1215 3049 incidisse
1234 2987 1387 3068 deinceps
1406 2989 1720 3067 demonstrabimus3
1743 2985 1827 3066 qnod

167 3147 170 3152 ,
217 3085 347 3171 quidem
368 3106 388 3148 a
410 3087 579 3148 satione
602 3095 636 3147 et
658 3085 792 3147 hieme
813 3086 995 3165 antiquitus
1016 3087 1149 3150 ductum
1170 3088 1275 3153 fuisse
1298 3090 1506 3169 diximusffi).

304 3188 396 3268 Quod
420 3187 496 3249 anni
518 3189 644 3249 initium
667 3189 697 3248 si
719 3189 775 3249 isti
796 3186 949 3250 feriarum
973 3201 1007 3252 et
1028 3190 1186 3274 festorum
1208 3194 1311 3253 ordini
1331 3195 1482 3273 primitus
1503 3196 1708 3274 suppositum
1724 3191 1828 3253 fuisse

219 3294 406 3372 statuimus,
424 3288 492 3372 jam
516 3292 625 3352 omnia
646 3290 743 3371 plana
764 3300 798 3352 et
819 3289 940 3372 liquida
961 3291 1049 3355 fient.
1103 3293 1160 3355 Sic
1182 3294 1266 3356 enim
1295 3298 1500 3357 novilunii
1528 3297 1625 3358 istius
1653 3296 1765 3378 religio
1794 3304 1829 3354 et

219 3393 353 3477 clangor
379 3412 443 3454 non
465 3391 505 3453 ad
529 3394 659 3474 septimi
681 3393 805 3454 mensis
826 3395 956 3456 inanem
977 3395 1142 3472 honorem,
1164 3395 1223 3458 sed
1246 3400 1343 3460 novi
1365 3398 1457 3461 anni
1479 3397 1682 3460 indicendum
1710 3407 1744 3458 et
1765 3415 1828 3456 au-

218 3496 411 3576 spicandum
430 3497 574 3576 pertinet
594 3496 776 3577 initium,
797 3513 863 3576 qua
883 3498 1009 3559 ratione
1031 3500 1207 3561 etiamnum
1222 3498 1360 3562 Judaeis
1377 3512 1548 3583 superstes
1562 3511 1615 3562 est
1629 3501 1740 3580 (savir.
1761 3505 1828 3562 vltra

217 3596 373 3678 dictum).
394 3632 437 3644 -
479 3598 581 3658 Porro
615 3597 707 3657 dies
739 3599 995 3678 expiationis
1022 3598 1092 3680 jam
1125 3620 1190 3662 non
1219 3601 1325 3663 medio
1356 3621 1441 3664 anno
1470 3603 1510 3665 ad
1538 3601 1701 3683 expianda
1728 3601 1828 3661 totius

217 3703 295 3762 anni
318 3709 454 3780 peccata
476 3703 598 3780 agitur,
633 3699 692 3761 sed
722 3716 785 3779 quo
815 3699 910 3762 decet
931 3711 1088 3782 tempore,
1116 3713 1193 3783 post
1221 3704 1368 3784 elapsum
1396 3707 1559 3788 integrum
1588 3722 1707 3768 annum
1735 3702 1829 3781 ejus-

217 3820 283 3884 que
305 3804 418 3865 varios
439 3812 474 3864 et
495 3803 624 3863 labores
646 3811 680 3862 et
701 3820 830 3863 errores
852 3822 891 3864 ac
913 3799 1034 3884 lapsds,
1061 3805 1180 3885 quibus
1201 3804 1385 3867 moerendis
1401 3817 1435 3868 et
1449 3807 1617 3889 expiandis
1639 3823 1745 3868 novus
1766 3823 1829 3864 an·

219 3923 284 3966 nus
304 3908 367 3967 rite
389 3909 612 3988 inauguretur,
633 3904 837 3984 populusque
859 3905 1017 3968 lustretur
1040 3916 1074 3968 et
1095 3918 1263 3990 sacretur,
1284 3905 1349 3989 qud
1371 3910 1432 3971 rite
1453 3909 1587 3972 accedat
1608 3899 1650 3971 ad
1664 3907 1830 3970 celebran-

218 4005 295 4069 dam
318 4027 392 4069 mox
415 4009 531 4069 ritibus
553 4007 682 4068 festis
705 4007 823 4068 laetam
853 4018 1072 4087 proventuum
1099 4029 1182 4071 anuo
1210 4012 1321 4090 elapso
1349 4030 1423 4072 rure
1452 4023 1676 4092 perceptorum
1704 4027 1829 4071 memo-

219 4111 301 4171 riam
324 4121 504 4192 gratesquc
526 4110 596 4171 Deo
626 4111 753 4189 publice
781 4109 939 4192 agendas.
991 4111 1115 4173 Verum
1144 4110 1197 4175 hic
1226 4112 1403 4176 difficultas
1432 4117 1577 4177 exoritur
1606 4132 1648 4174 ex
1678 4115 1750 4193 ipso
1776 4111 1831 4172 illo

288 4411 338 4480 22)
359 4416 533 4468 Ewoldns
552 4417 657 4479 quidem
676 4419 694 4466 l.
713 4429 736 4466 o.
757 4430 782 4477 p.
801 4417 860 4468 431.
879 4417 938 4469 433.
958 4420 1102 4482 utrumque
1126 4420 1166 4470 ita
1189 4421 1343 4487 discernit,
1368 4426 1398 4473 ut
1421 4346 1575 4504 Paschali;
1588 4421 1716 4470 futura
1739 4417 1831 4480 potius

220 4499 311 4564 „irae
337 4500 448 4550 divinae
475 4502 596 4563 pericula
621 4506 654 4553 ab
679 4514 768 4552 anno
794 4503 935 4553 recenti
953 4504 981 4553 et
998 4504 1121 4556 instante
1137 4519 1230 4558 messe
1253 4507 1408 4573 avertat“,
1437 4509 1606 4570 expiatorius
1636 4508 1732 4554 noster
1763 4513 1832 4565 quae

219 4587 511 4649 ,‚praeterrapso
530 4589 648 4639 anno“
679 4589 828 4639 commissa
845 4591 911 4639 sunt
935 4590 1033 4654 expiet.
1070 4591 1125 4642 sed
1148 4595 1283 4656 quomodo
1305 4605 1374 4657 quae
1393 4593 1548 4656 septimo
1567 4605 1659 4642 mense
1678 4588 1832 4652 expiantur,

220 4673 436 4735 „praeterlapso
455 4671 548 4722 anno“
567 4674 713 4724 commissa
729 4674 781 4724 dici
799 4669 940 4736 possuntt

292 4789 341 4846 2³)
361 4790 435 4844 Part.
454 4791 473 4841 l.
492 4805 518 4854 p.
536 4793 562 4843 6.
599 4794 641 4845 cl.
661 4794 889 4846 Orednerom
905 4795 945 4847 od
961 4795 1037 4849 Joel.
1055 4797 1082 4862 2,
1100 4797 1135 4848 25
1153 4813 1178 4862 p.
1195 4799 1248 4849 209
1265 4810 1339 4862 seqq.
