3894 5274
1028 281 1051 362 2

193 518 196 525 '
245 518 320 578 huic
342 524 502 597 tempus
525 516 628 596 (quod
650 521 681 578 in
702 520 852 599 apposito
875 530 998 584 anoton:
1019 522 1122 583 solum
1152 520 1318 599 habetur).
1372 520 1519 582 Tertium
1547 521 1675 584 accedit
1704 524 1737 584 iu
1764 522 1861 584 clau-

247 620 320 680 sula
341 638 398 678 vv,
419 617 471 681 37.
492 616 550 692 38,
580 621 634 681 ubi
656 622 815 700 repetitae
838 639 895 700 pro
917 639 1007 682 more
1028 624 1153 685 exordii
1175 622 1330 684 formulae
1353 640 1379 682 s.
1401 623 1603 701 inscriptioni
1624 623 1728 685 finis
1749 624 1861 685 festo-

247 741 319 783 rum
340 720 505 801 adjicitur:
534 719 606 799 „ad
633 716 801 804 offerendo
823 717 983 803 sacrifi
991 721 1055 785 clo
1077 721 1157 786 Jtvu
1179 721 1288 806 (amab
1311 723 1398 815 πῆξις)
1425 756 1469 768 -
1489 719 1711 786 holocaustam
1732 729 1763 786 et
1782 719 1862 806 fcr-

222 828 317 885 ·tunt
339 833 401 885 etc.
425 840 546 902 —pro
575 820 829 908 utriuscujusque
857 821 923 884 etet
951 821 1022 885 ritu
1043 827 1147 906 (tuton
1170 838 1218 890 nt*
1242 825 1343 906 ιιι),
1371 829 1505 902 praeter
1527 821 1687 888 subbalbe
1706 824 1802 903 Jtct‚
1825 830 1861 888 ct

247 929 382 1007 praeter
405 923 490 986 dona
513 928 639 1000 cestre,
660 928 836 1005 etpraeter
857 922 969 986 omnia
991 929 1062 988 cota
1084 931 1192 988 cestra
1214 930 1392 1007 epraeter
1413 925 1524 988 omnin
1539 922 1725 988 noluntaria
1747 931 1863 989 centra

249 1046 388 1089 mettere
415 1043 497 1110 quoe
525 1022 647 1087 dactus
676 1023 783 1088 cho“
812 1025 862 1105 (h.
885 1045 913 1086 e.
943 1044 1026 1105 quae
1055 1029 1108 1089 vel
1137 1048 1179 1090 ex
1201 1038 1280 1088 voto
1309 1029 1363 1088 vel
1392 1037 1509 1108 sponte
1539 1026 1714 1108 offeretis).
1766 1026 1862 1105 Quae

250 1132 332 1192 ratio
360 1129 434 1189 alibi
462 1129 559 1188 etiam
590 1127 758 1207 subjicitur
780 1126 892 1205 festis,
925 1138 961 1189 ut
988 1131 1020 1188 iu
1052 1130 1149 1191 simili
1176 1130 1320 1193 clausula
1341 1131 1405 1211 legi
1438 1129 1478 1190 de
1501 1116 1660 1191 festorum
1688 1129 1863 1192 sacrificiis

250 1232 425 1312 subjuncta
453 1229 549 1291 Num.
571 1229 626 1309 99,
646 1228 690 1315 39
716 1240 760 1299 ιιι
790 1231 822 1290 in
859 1228 1006 1310 ejusdem
1040 1231 1175 1307 exordio
1202 1233 1256 1311 98,
1277 1233 1316 1314 9,
1352 1233 1430 1311 quin
1467 1231 1598 1294 Pascha
1633 1233 1734 1295 etiam
1762 1230 1863 1295 Num

250 1336 282 1414 9,
304 1332 334 1394 7.
358 1330 399 1394 13
427 1330 489 1410 (cl.
513 1330 601 1391 Part.
625 1333 648 1392 l.
679 1351 710 1410 p.
732 1331 785 1392 96.
814 1340 880 1392 not.
903 1330 972 1412 46).
1026 1330 1096 1410 Qud
1131 1336 1272 1413 pertinet
1304 1332 1384 1394 illud
1418 1320 1503 1412 qnod
1536 1320 1783 1412 antiquissimae
1818 1332 1862 1393 de

250 1437 347 1498 festis
369 1436 433 1515 legi
456 1431 601 1494 additum
623 1432 780 1494 vidimus:
805 1450 937 1516 „aeque
958 1433 1078 1496 cttcue'
1099 1438 1284 1516 appareant
1297 1453 1408 1496 coram
1428 1429 1519 1514 facie
1533 1434 1635 1495 meu“
1657 1436 1717 1496 Ex.
1739 1432 1864 1512 9315.

252 1539 296 1609 Ut
313 1536 381 1618 jam
404 1538 465 1599 tria
492 1536 546 1597 illa
574 1552 658 1616 quae
681 1537 713 1595 in
731 1536 886 1597 universa
907 1537 1101 1614 antiquitate
1130 1536 1171 1601 ad
1193 1537 1352 1599 festorum
1374 1538 1540 1603 notionem
1567 1537 1688 1616 requiri
1708 1535 1864 1615 diximus,

253 1643 286 1701 in
308 1639 362 1700 illa
383 1639 515 1722 legere
537 1638 646 1716 potius
667 1655 762 1717 quam
785 1638 897 1697 verbis
919 1637 1106 1719 significata
1128 1639 1235 1719 (Part.
1259 1639 1283 1701 t
1307 1657 1337 1718 p.
1356 1640 1379 1701 4
1400 1637 1507 1721 seq),
1535 1641 1568 1699 in
1590 1636 1688 1719 hujus
1708 1646 1778 1706 tam
1797 1657 1866 1703 nx·

251 1742 338 1814 ordio
361 1758 456 1821 quam
477 1739 625 1801 clausula
645 1749 759 1820 aperte
781 1739 959 1805 habeamus
979 1726 1172 1821 cupressa‘,
1199 1742 1311 1821 Atque
1340 1743 1373 1807 iu
1402 1740 1456 1803 his
1478 1739 1548 1803 fere
1577 1741 1633 1802 lex
1661 1742 1735 1820 ipsa
1763 1741 1866 1807 ο11αιιι

216 1852 221 1862 ’
253 1853 417 1925 versatur.
467 1842 612 1908 Exhibet
643 1843 728 1903 enim
765 1840 801 1921 1)
830 1850 990 1921 tempus
1016 1845 1135 1924 cuique
1164 1852 1304 1923 statum,
1330 1845 1380 1921 ,9)
1410 1844 1632 1910 conciones
1660 1859 1812 1909 sauros
1831 1849 1868 1905 at

254 1949 385 2011 ferias
410 1944 527 2025 quibus
554 1942 705 2024 quodque
728 1942 918 2006 distinctum
940 1953 1009 2026 est;
1039 1944 1179 2026 denique
1203 1943 1244 2026 3)
1265 1945 1553 2013 oblationibus
1575 1945 1744 2026 perpetuis
1773 1944 1867 2007 cela-

255 2047 379 2115 branda
405 2046 559 2109 inculcat.
602 2044 656 2111 Ad
686 2046 822 2109 formam
841 2032 935 2126 ¹quod
961 2047 1094 2127 attinet,
1129 2049 1278 2127 quoniam
1308 2056 1580 2129 conspectum
1609 2047 1684 2113 anui
1711 2045 1868 2111 tertarum

255 2151 410 2232 temporis
432 2148 545 2211 ordine
567 2147 701 2211 exbibet
723 2146 932 2227 dispositum,
953 2147 995 2209 ad
1018 2151 1222 2229 temporis
1243 2153 1388 2213 rationes
1409 2152 1517 2215 omnia
1538 2159 1746 2228 revocantur,
1768 2149 1818 2211 ita
1831 2157 1893 2231 ut¹

256 2257 296 2337 1)
317 2270 464 2319 mensem
487 2259 522 2311 et
540 2250 625 2312 diem
649 2248 783 2326 deliniat
804 2251 837 2311 in
850 2268 946 2331 quem
960 2267 1108 2330 quaeque
1123 2251 1242 2312 cadant
1264 2288 1303 2300 -
1326 2269 1461 2332 quorum
1475 2270 1609 2313 numero
1624 2250 1756 2332 singula
1768 2267 1868 2330 prae·

256 2367 353 2439 nepta
366 2362 555 2417 constanter
575 2352 742 2432 incipiunt,
765 2362 801 2413 ut
815 2372 846 2413 v.
863 2354 893 2417 5.
908 2352 938 2414 6.
960 2352 1010 2414 94.
1024 2350 1076 2413 97.
1088 2351 1141 2414 34.
1163 2352 1207 2415 39
1230 2374 1289 2435 -3
1313 2354 1354 2435 9)
1376 2355 1494 2434 quibus
1510 2353 1626 2414 diebus
1641 2353 1755 2414 concio
1770 2369 1867 2412 sacra

256 2480 330 2525 cum
351 2458 459 2538 operis
480 2455 720 2516 intermissione
741 2454 890 2517 habenda
912 2454 971 2532 sit3
993 2451 1028 2534 3)
1051 2472 1106 2533 per
1129 2464 1207 2535 quot
1230 2453 1301 2516 dies
1321 2457 1405 2519 ritus
1426 2476 1498 2519 cum
1515 2454 1748 2518 sacrificiorum
1770 2453 1867 2514 obla·

255 2567 345 2626 tione
360 2562 405 2627 sit
418 2555 667 2625 continuandus.
710 2555 782 2619 Uno
805 2557 908 2619 verbo
925 2563 976 2616 est
999 2555 1281 2619 calendarium
1305 2558 1428 2620 dierum
1444 2558 1606 2619 festorum
1618 2553 1866 2634 catenatorum,

257 2664 367 2746 qualia
385 2659 471 2741 apud
492 2667 643 2723 caeteros
665 2658 762 2722 etiam
784 2657 921 2738 populos
941 2657 1161 2720 inveniuntur.
1206 2660 1349 2723 Caetera
1370 2669 1448 2722 nota
1469 2669 1659 2722 sumuntur:
1681 2669 1750 2721 tam
1769 2654 1868 2732 ritds,

257 2785 351 2850 quarn
373 2779 532 2847 quaenam
554 2759 713 2824 sacrificia
734 2757 901 2823 offerenda
922 2759 990 2821 sint.
1011 2759 1114 2839 (quae
1132 2761 1263 2842 quidem
1284 2763 1346 2824 alio
1366 2754 1454 2842 loco,
1475 2771 1513 2824 ut
1533 2762 1619 2840 dixi,
1648 2759 1784 2823 delinita
1805 2760 1870 2820 ba-

257 2873 374 2933 bentur
394 2866 492 2931 Num
514 2881 606 2943 capp
622 2863 674 2927 98.
696 2863 778 2944 99),
797 2861 964 2940 exceptis
961 2871 1078 2924 tamen
1099 2864 1294 2943 quibusdam
1315 2865 1397 2928 locis
1418 2867 1473 2946 qui
1494 2867 1620 2928 ratione
1641 2861 1873 3003 discrepantes

259 2983 293 3035 et
315 2968 412 3032 alieni
433 2967 565 3049 generis
588 2966 699 3027 statim
721 2959 1015 3044 deprehenduntur.

344 3072 419 3134 Jam
448 3068 490 3131 ad
518 3067 646 3149 singula
674 3066 849 3127 venientes
877 3074 912 3127 et
933 3066 1092 3131 rationem
1113 3068 1171 3128 isti
1192 3085 1265 3130 mam
1288 3069 1448 3149 prioribus
1479 3067 1737 3130 intercedentem
1765 3065 1873 3145 dispi-

258 3177 386 3240 cientes
471 3214 474 3229 ,

346 3276 375 3337 1.
399 3273 502 3354 prima
520 3273 575 3334 illa
597 3270 672 3332 anni
689 3286 785 3331 sacra
805 3284 1040 3349 azymorum
1062 3280 1097 3331 et
1119 3269 1285 3351 Pascbi,
1307 3288 1391 3351 quae
1412 3269 1567 3337 inblxodi
1585 3272 1735 3354 legibus,-
1752 3287 1873 3351 quam*

261 3382 316 3443 vis
344 3375 450 3441 eidem
479 3383 513 3435 et
534 3373 710 3436 memoriae
736 3381 772 3435 et
794 3370 930 3450 tempori
951 3370 1090 3452 tributa,
1117 3374 1258 3435 seorsim
1284 3381 1397 3435 tamen
1422 3373 1568 3437 exhibita
1594 3384 1652 3436 out
1683 3383 1775 3438 certe
1807 3391 1873 3434 aon

263 3488 424 3566 expressa
443 3486 478 3539 et
500 3477 595 3557 plana
616 3477 742 3537 ratione
762 3471 938 3554 conjuncta
959 3483 1050 3549 sunt,
1068 3473 1137 3555 jam
1164 3474 1195 3535 lr.
1217 3476 1238 3536 l.
1259 3494 1316 3536 ιν.
1338 3476 1438 3538 5-«8
1457 3475 1608 3538 videmus
1629 3478 1821 3541 consociata
1838 3483 1877 3536 ea

261 3588 292 3648 in
315 3601 436 3648 unum
456 3577 691 3660 quodammodo
713 3578 852 3654 festum,
881 3574 1038 3656 duplici
1061 3587 1170 3639 tamen
1199 3581 1265 3640 rita
1286 3577 1490 3657 distinctum,
1517 3580 1688 3662 copulata3
1715 3577 1875 3658 temporis

263 3699 371 3752 autem
404 3685 532 3747 ratione
562 3683 609 3743 ita
636 3681 796 3762 disposita
824 3688 877 3759 ut,
907 3696 981 3740 cum
1014 3679 1204 3758 1111196.
1229 3681 1270 3744 18
1296 3691 1469 3760 utrumque
1494 3672 1679 3760 promiscua
1708 3699 1729 3743 a
1756 3679 1879 3743 docimi

263 3793 369 3872 quarti
388 3793 532 3867 vespera
552 3782 742 3864 duceretur,
772 3783 804 3844 h.
827 3783 847 3842 l.
869 3781 1015 3843 Pascbi
1043 3782 1173 3861 quidem
1193 3785 1278 3846 ritus
1298 3783 1446 3846 decimi
1466 3784 1604 3863 quarti
1626 3801 1790 3866 vesperae
1808 3781 1876 3843 tr'e·

263 3894 392 3970 buatur,
416 3905 651 3971 azymorum
673 3904 753 3947 uero
776 3884 898 3946 festum
920 3903 940 3946 a
963 3883 1118 3948 decimo
1140 3889 1284 3967 quinto
1309 3883 1445 3946 ducatur
1467 3895 1675 3966 perceptam
1698 3885 1769 3948 dies
1790 3886 1879 3948 con-2

262 3991 461 4058 tinuandum.
505 3988 599 4069 Quod
621 3996 658 4048 ut
679 3988 841 4067 aliquanto
864 3985 992 4050 differat
1005 3988 1046 4049 ab
1059 3987 1165 4049 Exodi
1187 3989 1279 4070 lege:
1302 3997 1413 4049 tamen
1433 4005 1518 4068 quae
1539 3986 1605 4050 illic
1627 3989 1787 4050 habentur
1808 4004 1875 4048 non

263 4098 346 4160 satis
359 4093 513 4156 distinete
526 4103 561 4155 et
574 4092 737 4172 plana-
693 4091 952 4169 -computatio
965 4091 1159 4169 praesertim
1182 4100 1311 4171 septem
1331 4089 1454 4152 diorum
1475 4106 1496 4152 a
1518 4081 1581 4152 14ω
1603 4089 1645 4153 ad
1666 4091 1767 4153 21¹¹¹¹⁸¹
1788 4107 1865 4150 am·

264 4202 363 4282 bigua
385 4194 699 4277 (11Χ.19,18)-,
721 4191 770 4255 sic
790 4210 855 4252 uon
876 4201 1000 4254 temere
1021 4190 1176 4255 videntur
1196 4193 1245 4254 ita
1266 4190 1401 4255 definita
1422 4203 1456 4256 et
1473 4191 1665 4275 explanata,
1687 4192 1725 4255 ut
1745 4191 1876 4256 initium

264 4302 323 4365 liat
349 4301 413 4362 ritu
437 4295 608 4391 Pascbali,
637 4294 738 4389 114ιι
758 4307 936 4374 vespera
965 4293 1056 4375 (ie.
1077 4293 1163 4378 fine)
1191 4313 1249 4378 per
1271 4313 1344 4361 eam
1365 4305 1496 4359 noctem
1523 4278 1878 4376 celebrand0,a15“

263 4421 343 4467 vero
367 4386 551 4465 diluculo¹
573 4417 762 4482 azymorum
783 4396 906 4461 festum
925 4405 1075 4481 putetur3
1108 4415 1171 4478 quo
1192 4406 1288 4480 pacto
1308 4406 1402 4463 certe
1423 4407 1557 4480 septem
1573 4398 1699 4481 dierum
1718 4412 1882 4467 uumerus

264 4525 337 4572 cum
359 4506 485 4569 ratione
506 4501 561 4565 illa
582 4511 659 4582 apte
687 4503 829 4566 cernitur
852 4497 1052 4562 conciliatus
1103 4501 1218 4584 ltaque
1238 4499 1381 4565 Pascbi
1409 4501 1493 4569 titus
1519 4500 1726 4584 prae-vina
1736 4497 1875 4583 quidem
