<?xml version="1.0" encoding="UTF-8"?>
<!DOCTYPE html PUBLIC "-//W3C//DTD XHTML 1.0 Transitional//EN"
    "http://www.w3.org/TR/xhtml1/DTD/xhtml1-transitional.dtd">
<html xmlns="http://www.w3.org/1999/xhtml" xml:lang="en" lang="en">
 <head>
  <title>
</title>
<meta http-equiv="Content-Type" content="text/html;charset=utf-8" />
  <meta name='ocr-system' content='tesseract 3.04.00' />
  <meta name='ocr-capabilities' content='ocr_page ocr_carea ocr_par ocr_line ocrx_word'/>
</head>
<body>
  <div class='ocr_page' id='page_1' title='image "./sacrachristipas00hupfgoog_0044.png"; bbox 0 0 3848 5244; ppageno 0'>
   <div class='ocr_carea' id='block_1_1' title="bbox 945 543 966 621">
    <p class='ocr_par' dir='ltr' id='par_1_1' title="bbox 945 543 966 621">
     <span class='ocr_line' id='line_1_1' title="bbox 945 543 966 621; baseline 0 0"><span class='ocrx_word' id='word_1_1' title='bbox 945 543 966 621; x_wconf 83' lang='lat' dir='ltr'><strong>t</strong></span> 
     </span>
    </p>
   </div>
   <div class='ocr_carea' id='block_1_2' title="bbox 75 777 1854 2812">
    <p class='ocr_par' dir='ltr' id='par_1_2' title="bbox 104 777 1854 1174">
     <span class='ocr_line' id='line_1_2' title="bbox 137 777 1756 868; baseline 0.01 -28"><span class='ocrx_word' id='word_1_2' title='bbox 137 788 139 792; x_wconf 73' lang='lat'>‘</span> <span class='ocrx_word' id='word_1_3' title='bbox 231 777 383 860; x_wconf 88' lang='lat' dir='ltr'><strong>Primum,</strong></span> <span class='ocrx_word' id='word_1_4' title='bbox 404 780 488 861; x_wconf 93' lang='lat' dir='ltr'><strong>quod</strong></span> <span class='ocrx_word' id='word_1_5' title='bbox 511 781 552 843; x_wconf 90' lang='lat' dir='ltr'><strong>ad</strong></span> <span class='ocrx_word' id='word_1_6' title='bbox 574 780 712 843; x_wconf 87' lang='lat' dir='ltr'><strong>eandem</strong></span> <span class='ocrx_word' id='word_1_7' title='bbox 734 781 952 863; x_wconf 74' lang='lat' dir='ltr'>agriculturae</span> <span class='ocrx_word' id='word_1_8' title='bbox 975 782 1155 844; x_wconf 73' lang='lat' dir='ltr'><strong>sacrandae</strong></span> <span class='ocrx_word' id='word_1_9' title='bbox 1176 784 1331 848; x_wconf 90' lang='lat' dir='ltr'><strong>rationem</strong></span> <span class='ocrx_word' id='word_1_10' title='bbox 1361 789 1516 868; x_wconf 85' lang='lat' dir='ltr'><strong>pertinet,</strong></span> <span class='ocrx_word' id='word_1_11' title='bbox 1546 790 1701 854; x_wconf 87' lang='lat' dir='ltr'><strong>festum</strong></span> <span class='ocrx_word' id='word_1_12' title='bbox 1723 795 1756 856; x_wconf 93' lang='lat' dir='ltr'><strong>in</strong></span> 
     </span>
     <span class='ocr_line' id='line_1_3' title="bbox 147 881 1757 967; baseline 0.009 -24"><span class='ocrx_word' id='word_1_13' title='bbox 147 883 328 963; x_wconf 70' lang='lat' dir='ltr'><strong>appendice</strong></span> <span class='ocrx_word' id='word_1_14' title='bbox 349 903 406 945; x_wconf 95' lang='lat' dir='ltr'><strong>vv.</strong></span> <span class='ocrx_word' id='word_1_15' title='bbox 429 882 472 947; x_wconf 74' lang='lat' dir='ltr'><strong>:tu</strong></span> <span class='ocrx_word' id='word_1_16' title='bbox 493 902 585 965; x_wconf 88' lang='lat' dir='ltr'><strong>seqq.</strong></span> <span class='ocrx_word' id='word_1_17' title='bbox 607 883 798 963; x_wconf 88' lang='lat' dir='ltr'><strong>exhibitum,</strong></span> <span class='ocrx_word' id='word_1_18' title='bbox 819 902 840 944; x_wconf 87' lang='lat' dir='ltr'><strong>a</strong></span> <span class='ocrx_word' id='word_1_19' title='bbox 862 881 969 944; x_wconf 91' lang='lat' dir='ltr'><strong>medio</strong></span> <span class='ocrx_word' id='word_1_20' title='bbox 991 901 1105 945; x_wconf 88' lang='lat' dir='ltr'><strong>mense</strong></span> <span class='ocrx_word' id='word_1_21' title='bbox 1126 904 1185 965; x_wconf 90' lang='lat' dir='ltr'><strong>per</strong></span> <span class='ocrx_word' id='word_1_22' title='bbox 1207 899 1336 967; x_wconf 85' lang='lat' dir='ltr'><strong>septem</strong></span> <span class='ocrx_word' id='word_1_23' title='bbox 1351 890 1429 951; x_wconf 91' lang='lat' dir='ltr'><strong>dies</strong></span> <span class='ocrx_word' id='word_1_24' title='bbox 1449 892 1702 957; x_wconf 73' lang='lat' dir='ltr'><strong>umbraculis</strong></span> <span class='ocrx_word' id='word_1_25' title='bbox 1725 898 1757 957; x_wconf 91' lang='lat' dir='ltr'><strong>in</strong></span> 
     </span>
     <span class='ocr_line' id='line_1_4' title="bbox 147 983 1764 1072; baseline 0.011 -27"><span class='ocrx_word' id='word_1_26' title='bbox 147 987 319 1066; x_wconf 92' lang='lat' dir='ltr'><strong>propatulo</strong></span> <span class='ocrx_word' id='word_1_27' title='bbox 339 984 530 1048; x_wconf 90' lang='lat' dir='ltr'><strong>habitandis</strong></span> <span class='ocrx_word' id='word_1_28' title='bbox 546 987 682 1067; x_wconf 87' lang='lat' dir='ltr'><strong>aliisque</strong></span> <span class='ocrx_word' id='word_1_29' title='bbox 696 983 855 1066; x_wconf 85' lang='lat' dir='ltr'><strong>ejusmodi</strong></span> <span class='ocrx_word' id='word_1_30' title='bbox 869 987 985 1047; x_wconf 87' lang='lat' dir='ltr'><strong>ritibus</strong></span> <span class='ocrx_word' id='word_1_31' title='bbox 1007 997 1152 1068; x_wconf 79' lang='lat' dir='ltr'><strong>magna</strong></span> <span class='ocrx_word' id='word_1_32' title='bbox 1174 989 1342 1051; x_wconf 79' lang='lat' dir='ltr'><strong>laetitia</strong></span> <span class='ocrx_word' id='word_1_33' title='bbox 1365 993 1480 1072; x_wconf 89' lang='lat' dir='ltr'><strong>(Hebr.</strong></span> <span class='ocrx_word' id='word_1_34' title='bbox 1505 1012 1578 1060; x_wconf 73' lang='lat' dir='ltr'><strong>roro</strong></span> <span class='ocrx_word' id='word_1_35' title='bbox 1602 993 1668 1060; x_wconf 62' lang='lat' dir='ltr'><strong>*rab</strong></span> <span class='ocrx_word' id='word_1_36' title='bbox 1689 1001 1764 1063; x_wconf 74' lang='lat' dir='ltr'><strong>uuio</strong></span> 
     </span>
     <span class='ocr_line' id='line_1_5' title="bbox 104 1086 1854 1174; baseline 0.006 -28"><span class='ocrx_word' id='word_1_37' title='bbox 104 1147 106 1153; x_wconf 75' lang='grc'>,</span> <span class='ocrx_word' id='word_1_38' title='bbox 147 1106 181 1148; x_wconf 91' lang='lat' dir='ltr'><strong>v.</strong></span> <span class='ocrx_word' id='word_1_39' title='bbox 202 1086 264 1169; x_wconf 78' lang='lat'><strong>40)</strong></span> <span class='ocrx_word' id='word_1_40' title='bbox 295 1088 506 1152; x_wconf 88' lang='lat' dir='ltr'><strong>celebratum.</strong></span> <span class='ocrx_word' id='word_1_41' title='bbox 560 1086 655 1166; x_wconf 83' lang='lat' dir='ltr'><strong>Quod</strong></span> <span class='ocrx_word' id='word_1_42' title='bbox 688 1087 821 1169; x_wconf 89' lang='lat' dir='ltr'><strong>proinde</strong></span> <span class='ocrx_word' id='word_1_43' title='bbox 854 1089 980 1169; x_wconf 92' lang='lat' dir='ltr'><strong>proprio</strong></span> <span class='ocrx_word' id='word_1_44' title='bbox 1013 1089 1162 1150; x_wconf 88' lang='lat' dir='ltr'><strong>vocabuli</strong></span> <span class='ocrx_word' id='word_1_45' title='bbox 1194 1108 1296 1152; x_wconf 89' lang='lat' dir='ltr'><strong>sensu</strong></span> <span class='ocrx_word' id='word_1_46' title='bbox 1326 1107 1366 1168; x_wconf 54' lang='grc' dir='ltr'><strong>κη</strong></span> <span class='ocrx_word' id='word_1_47' title='bbox 1384 1088 1509 1174; x_wconf 79' lang='lat' dir='ltr'><strong>fertum</strong></span> <span class='ocrx_word' id='word_1_48' title='bbox 1532 1096 1652 1158; x_wconf 87' lang='lat' dir='ltr'><strong>dietum</strong></span> <span class='ocrx_word' id='word_1_49' title='bbox 1675 1099 1705 1160; x_wconf 92' lang='lat' dir='ltr'><strong>h.</strong></span> <span class='ocrx_word' id='word_1_50' title='bbox 1729 1119 1782 1160; x_wconf 30' lang='lat' dir='ltr'><strong>e..</strong></span> <span class='ocrx_word' id='word_1_51' title='bbox 1852 1159 1854 1165; x_wconf 73' lang='grc'>,</span> 
     </span>
    </p>

    <p class='ocr_par' dir='ltr' id='par_1_3' title="bbox 148 1176 1760 2199">
     <span class='ocr_line' id='line_1_6' title="bbox 153 1176 1759 1277; baseline 0.006 -25"><span class='ocrx_word' id='word_1_52' title='bbox 153 1190 275 1252; x_wconf 87' lang='lat' dir='ltr'><strong>laetum</strong></span> <span class='ocrx_word' id='word_1_53' title='bbox 296 1191 350 1269; x_wconf 82' lang='lat' dir='ltr'><strong>(v.</strong></span> <span class='ocrx_word' id='word_1_54' title='bbox 373 1209 457 1271; x_wconf 88' lang='lat' dir='ltr'><strong>quae</strong></span> <span class='ocrx_word' id='word_1_55' title='bbox 477 1194 659 1252; x_wconf 91' lang='lat' dir='ltr'><strong>monuimus</strong></span> <span class='ocrx_word' id='word_1_56' title='bbox 682 1190 769 1253; x_wconf 86' lang='lat' dir='ltr'><strong>Part.</strong></span> <span class='ocrx_word' id='word_1_57' title='bbox 792 1193 816 1252; x_wconf 92' lang='lat' dir='ltr'><strong>i.</strong></span> <span class='ocrx_word' id='word_1_58' title='bbox 837 1210 867 1271; x_wconf 89' lang='lat' dir='ltr'><strong>p.</strong></span> <span class='ocrx_word' id='word_1_59' title='bbox 890 1192 939 1271; x_wconf 84' lang='lat'><strong>8).</strong></span> <span class='ocrx_word' id='word_1_60' title='bbox 983 1176 1087 1271; x_wconf 82' lang='lat' dir='ltr'><strong>Cujus</strong></span> <span class='ocrx_word' id='word_1_61' title='bbox 1118 1191 1247 1270; x_wconf 93' lang='lat' dir='ltr'><strong>quidem</strong></span> <span class='ocrx_word' id='word_1_62' title='bbox 1270 1188 1394 1256; x_wconf 74' lang='lat' dir='ltr'><strong>causa</strong></span> <span class='ocrx_word' id='word_1_63' title='bbox 1415 1215 1499 1277; x_wconf 92' lang='lat' dir='ltr'><strong>quae</strong></span> <span class='ocrx_word' id='word_1_64' title='bbox 1520 1199 1552 1258; x_wconf 93' lang='lat' dir='ltr'><strong>in</strong></span> <span class='ocrx_word' id='word_1_65' title='bbox 1576 1199 1640 1261; x_wconf 88' lang='lat' dir='ltr'><strong>line</strong></span> <span class='ocrx_word' id='word_1_66' title='bbox 1660 1219 1693 1261; x_wconf 92' lang='lat' dir='ltr'><strong>v.</strong></span> <span class='ocrx_word' id='word_1_67' title='bbox 1716 1199 1759 1262; x_wconf 78' lang='lat'><strong>43</strong></span> 
     </span>
     <span class='ocr_line' id='line_1_7' title="bbox 148 1289 1757 1375; baseline 0.007 -23"><span class='ocrx_word' id='word_1_68' title='bbox 148 1289 303 1373; x_wconf 85' lang='lat' dir='ltr'><strong>affertur,</strong></span> <span class='ocrx_word' id='word_1_69' title='bbox 324 1296 441 1355; x_wconf 92' lang='lat' dir='ltr'><strong>iterum</strong></span> <span class='ocrx_word' id='word_1_70' title='bbox 463 1293 659 1355; x_wconf 82' lang='lat' dir='ltr'><strong>historici</strong></span> <span class='ocrx_word' id='word_1_71' title='bbox 682 1313 710 1356; x_wconf 91' lang='lat' dir='ltr'><strong>s.</strong></span> <span class='ocrx_word' id='word_1_72' title='bbox 734 1294 974 1356; x_wconf 89' lang='lat' dir='ltr'><strong>mnemonici</strong></span> <span class='ocrx_word' id='word_1_73' title='bbox 996 1302 1049 1354; x_wconf 91' lang='lat' dir='ltr'><strong>est</strong></span> <span class='ocrx_word' id='word_1_74' title='bbox 1071 1296 1210 1375; x_wconf 90' lang='lat' dir='ltr'><strong>generis.</strong></span> <span class='ocrx_word' id='word_1_75' title='bbox 1264 1295 1363 1358; x_wconf 81' lang='lat' dir='ltr'><strong>Ritus</strong></span> <span class='ocrx_word' id='word_1_76' title='bbox 1386 1300 1471 1359; x_wconf 92' lang='lat' dir='ltr'><strong>enim</strong></span> <span class='ocrx_word' id='word_1_77' title='bbox 1498 1301 1532 1369; x_wconf 89' lang='lat' dir='ltr'><strong>in</strong></span> <span class='ocrx_word' id='word_1_78' title='bbox 1562 1302 1757 1364; x_wconf 86' lang='lat' dir='ltr'><strong>umbraculis</strong></span> 
     </span>
     <span class='ocr_line' id='line_1_8' title="bbox 149 1393 1758 1480; baseline 0.007 -26"><span class='ocrx_word' id='word_1_79' title='bbox 149 1393 288 1475; x_wconf 90' lang='lat' dir='ltr'><strong>degendi</strong></span> <span class='ocrx_word' id='word_1_80' title='bbox 309 1398 482 1458; x_wconf 88' lang='lat' dir='ltr'><strong>institutus</strong></span> <span class='ocrx_word' id='word_1_81' title='bbox 503 1394 620 1457; x_wconf 88' lang='lat' dir='ltr'><strong>dicitnr</strong></span> <span class='ocrx_word' id='word_1_82' title='bbox 642 1395 683 1456; x_wconf 90' lang='lat' dir='ltr'><strong>ad</strong></span> <span class='ocrx_word' id='word_1_83' title='bbox 705 1395 947 1479; x_wconf 84' lang='lat' dir='ltr'><strong>propagandam</strong></span> <span class='ocrx_word' id='word_1_84' title='bbox 969 1396 1109 1476; x_wconf 82' lang='lat' dir='ltr'><strong>posteris</strong></span> <span class='ocrx_word' id='word_1_85' title='bbox 1131 1400 1312 1458; x_wconf 88' lang='lat' dir='ltr'><strong>memoriam</strong></span> <span class='ocrx_word' id='word_1_86' title='bbox 1336 1398 1407 1479; x_wconf 89' lang='lat' dir='ltr'><strong>ejus</strong></span> <span class='ocrx_word' id='word_1_87' title='bbox 1428 1399 1510 1461; x_wconf 86' lang='lat' dir='ltr'><strong>ritds</strong></span> <span class='ocrx_word' id='word_1_88' title='bbox 1533 1418 1595 1480; x_wconf 93' lang='lat' dir='ltr'><strong>quo</strong></span> <span class='ocrx_word' id='word_1_89' title='bbox 1617 1404 1690 1464; x_wconf 92' lang='lat' dir='ltr'><strong>olim</strong></span> <span class='ocrx_word' id='word_1_90' title='bbox 1715 1422 1758 1465; x_wconf 87' lang='lat' dir='ltr'><strong>ex</strong></span> 
     </span>
     <span class='ocr_line' id='line_1_9' title="bbox 149 1497 1758 1581; baseline 0.007 -24"><span class='ocrx_word' id='word_1_91' title='bbox 149 1499 306 1579; x_wconf 86' lang='lat' dir='ltr'><strong>Aegypto</strong></span> <span class='ocrx_word' id='word_1_92' title='bbox 330 1497 471 1560; x_wconf 88' lang='lat' dir='ltr'><strong>reduces</strong></span> <span class='ocrx_word' id='word_1_93' title='bbox 492 1498 524 1558; x_wconf 92' lang='lat' dir='ltr'><strong>in</strong></span> <span class='ocrx_word' id='word_1_94' title='bbox 555 1497 795 1576; x_wconf 85' lang='lat' dir='ltr'><strong>„umbraculis“</strong></span> <span class='ocrx_word' id='word_1_95' title='bbox 822 1497 972 1580; x_wconf 89' lang='lat' dir='ltr'><strong>degerint</strong></span> <span class='ocrx_word' id='word_1_96' title='bbox 1000 1499 1065 1576; x_wconf 85' lang='lat' dir='ltr'><strong>(sc.</strong></span> <span class='ocrx_word' id='word_1_97' title='bbox 1096 1498 1127 1557; x_wconf 92' lang='lat' dir='ltr'><strong>in</strong></span> <span class='ocrx_word' id='word_1_98' title='bbox 1157 1497 1316 1580; x_wconf 79' lang='lat' dir='ltr'><strong>deserto).</strong></span> <span class='ocrx_word' id='word_1_99' title='bbox 1373 1499 1439 1562; x_wconf 88' lang='lat' dir='ltr'><strong>Sed</strong></span> <span class='ocrx_word' id='word_1_100' title='bbox 1472 1507 1643 1581; x_wconf 88' lang='lat' dir='ltr'><strong>quominus</strong></span> <span class='ocrx_word' id='word_1_101' title='bbox 1676 1507 1758 1568; x_wconf 90' lang='lat' dir='ltr'><strong>haee</strong></span> 
     </span>
     <span class='ocr_line' id='line_1_10' title="bbox 149 1600 1758 1688; baseline 0.006 -28"><span class='ocrx_word' id='word_1_102' title='bbox 149 1620 207 1679; x_wconf 95' lang='lat' dir='ltr'><strong>pro</strong></span> <span class='ocrx_word' id='word_1_103' title='bbox 229 1619 309 1662; x_wconf 89' lang='lat' dir='ltr'><strong>vera</strong></span> <span class='ocrx_word' id='word_1_104' title='bbox 331 1611 389 1664; x_wconf 88' lang='lat' dir='ltr'><strong>aut</strong></span> <span class='ocrx_word' id='word_1_105' title='bbox 408 1601 575 1681; x_wconf 88' lang='lat' dir='ltr'><strong>principali</strong></span> <span class='ocrx_word' id='word_1_106' title='bbox 596 1610 687 1662; x_wconf 89' lang='lat' dir='ltr'><strong>certe</strong></span> <span class='ocrx_word' id='word_1_107' title='bbox 708 1600 820 1662; x_wconf 89' lang='lat' dir='ltr'><strong>haberi</strong></span> <span class='ocrx_word' id='word_1_108' title='bbox 842 1601 957 1680; x_wconf 88' lang='lat' dir='ltr'><strong>possit,</strong></span> <span class='ocrx_word' id='word_1_109' title='bbox 978 1600 1088 1661; x_wconf 83' lang='lat' dir='ltr'><strong>obstat</strong></span> <span class='ocrx_word' id='word_1_110' title='bbox 1111 1602 1243 1679; x_wconf 91' lang='lat' dir='ltr'><strong>primum</strong></span> <span class='ocrx_word' id='word_1_111' title='bbox 1266 1602 1351 1683; x_wconf 92' lang='lat' dir='ltr'><strong>quod</strong></span> <span class='ocrx_word' id='word_1_112' title='bbox 1381 1605 1442 1663; x_wconf 91' lang='lat' dir='ltr'><strong>snb</strong></span> <span class='ocrx_word' id='word_1_113' title='bbox 1472 1608 1623 1668; x_wconf 91' lang='lat' dir='ltr'><strong>tentoriis</strong></span> <span class='ocrx_word' id='word_1_114' title='bbox 1651 1609 1758 1688; x_wconf 93' lang='lat' dir='ltr'><strong>potius</strong></span> 
     </span>
     <span class='ocr_line' id='line_1_11' title="bbox 149 1701 1760 1789; baseline 0.004 -25"><span class='ocrx_word' id='word_1_115' title='bbox 149 1705 320 1766; x_wconf 85' lang='lat' dir='ltr'><strong>Israelitae</strong></span> <span class='ocrx_word' id='word_1_116' title='bbox 336 1701 513 1765; x_wconf 90' lang='lat' dir='ltr'><strong>indeserto</strong></span> <span class='ocrx_word' id='word_1_117' title='bbox 535 1701 667 1783; x_wconf 86' lang='lat' dir='ltr'><strong>degisse</strong></span> <span class='ocrx_word' id='word_1_118' title='bbox 689 1702 823 1783; x_wconf 91' lang='lat' dir='ltr'><strong>putandi</strong></span> <span class='ocrx_word' id='word_1_119' title='bbox 845 1711 923 1765; x_wconf 89' lang='lat' dir='ltr'><strong>sunt</strong></span> <span class='ocrx_word' id='word_1_120' title='bbox 945 1720 1041 1782; x_wconf 89' lang='lat' dir='ltr'><strong>quam</strong></span> <span class='ocrx_word' id='word_1_121' title='bbox 1061 1702 1320 1785; x_wconf 58' lang='lat' dir='ltr'><strong>umbraculisffl),</strong></span> <span class='ocrx_word' id='word_1_122' title='bbox 1343 1716 1377 1765; x_wconf 92' lang='lat' dir='ltr'><strong>nt</strong></span> <span class='ocrx_word' id='word_1_123' title='bbox 1404 1724 1516 1784; x_wconf 90' lang='lat' dir='ltr'><strong>parum</strong></span> <span class='ocrx_word' id='word_1_124' title='bbox 1540 1707 1661 1787; x_wconf 90' lang='lat' dir='ltr'><strong>liqueat</strong></span> <span class='ocrx_word' id='word_1_125' title='bbox 1682 1708 1760 1789; x_wconf 94' lang='lat' dir='ltr'><strong>quid</strong></span> 
     </span>
     <span class='ocr_line' id='line_1_12' title="bbox 151 1804 1758 1888; baseline 0.002 -19"><span class='ocrx_word' id='word_1_126' title='bbox 151 1807 233 1869; x_wconf 87' lang='lat' dir='ltr'><strong>haec</strong></span> <span class='ocrx_word' id='word_1_127' title='bbox 269 1805 391 1868; x_wconf 87' lang='lat' dir='ltr'><strong>faciant</strong></span> <span class='ocrx_word' id='word_1_128' title='bbox 420 1804 460 1866; x_wconf 92' lang='lat' dir='ltr'><strong>ad</strong></span> <span class='ocrx_word' id='word_1_129' title='bbox 489 1804 730 1886; x_wconf 83' lang='lat' dir='ltr'><strong>propagandam</strong></span> <span class='ocrx_word' id='word_1_130' title='bbox 768 1805 853 1866; x_wconf 89' lang='lat' dir='ltr'><strong>illius</strong></span> <span class='ocrx_word' id='word_1_131' title='bbox 880 1805 1001 1865; x_wconf 86' lang='lat' dir='ltr'><strong>itineris</strong></span> <span class='ocrx_word' id='word_1_132' title='bbox 1029 1814 1063 1866; x_wconf 88' lang='lat' dir='ltr'><strong>et</strong></span> <span class='ocrx_word' id='word_1_133' title='bbox 1099 1807 1357 1868; x_wconf 88' lang='lat' dir='ltr'><strong>commorationis</strong></span> <span class='ocrx_word' id='word_1_134' title='bbox 1392 1809 1596 1888; x_wconf 86' lang='lat' dir='ltr'><strong>memoriam,</strong></span> <span class='ocrx_word' id='word_1_135' title='bbox 1642 1810 1758 1873; x_wconf 88' lang='lat' dir='ltr'><strong>nedum</strong></span> 
     </span>
     <span class='ocr_line' id='line_1_13' title="bbox 150 1905 1760 1992; baseline 0.002 -22"><span class='ocrx_word' id='word_1_136' title='bbox 150 1911 314 1972; x_wconf 79' lang='lat' dir='ltr'><strong>fructuum</strong></span> <span class='ocrx_word' id='word_1_137' title='bbox 335 1908 559 1986; x_wconf 84' lang='lat' dir='ltr'><strong>frondiumque</strong></span> <span class='ocrx_word' id='word_1_138' title='bbox 581 1927 624 1968; x_wconf 87' lang='lat' dir='ltr'><strong>ex</strong></span> <span class='ocrx_word' id='word_1_139' title='bbox 647 1908 854 1968; x_wconf 88' lang='lat' dir='ltr'><strong>nobilissimis</strong></span> <span class='ocrx_word' id='word_1_140' title='bbox 877 1905 1044 1968; x_wconf 90' lang='lat' dir='ltr'><strong>arboribus</strong></span> <span class='ocrx_word' id='word_1_141' title='bbox 1066 1906 1291 1986; x_wconf 88' lang='lat' dir='ltr'><strong>decerptorum</strong></span> <span class='ocrx_word' id='word_1_142' title='bbox 1314 1911 1467 1990; x_wconf 88' lang='lat' dir='ltr'><strong>gestatio.</strong></span> <span class='ocrx_word' id='word_1_143' title='bbox 1520 1910 1646 1972; x_wconf 90' lang='lat' dir='ltr'><strong>Deinde</strong></span> <span class='ocrx_word' id='word_1_144' title='bbox 1674 1930 1760 1992; x_wconf 92' lang='lat' dir='ltr'><strong>quo·</strong></span> 
     </span>
     <span class='ocr_line' id='line_1_14' title="bbox 151 2007 1759 2076; baseline 0.001 -2"><span class='ocrx_word' id='word_1_145' title='bbox 151 2011 247 2075; x_wconf 93' lang='lat' dir='ltr'><strong>modo</strong></span> <span class='ocrx_word' id='word_1_146' title='bbox 290 2010 413 2072; x_wconf 87' lang='lat' dir='ltr'><strong>festum</strong></span> <span class='ocrx_word' id='word_1_147' title='bbox 452 2029 551 2072; x_wconf 91' lang='lat' dir='ltr'><strong>unum</strong></span> <span class='ocrx_word' id='word_1_148' title='bbox 585 2011 732 2070; x_wconf 54' lang='lat' dir='ltr'><strong>&#39;omnium</strong></span> <span class='ocrx_word' id='word_1_149' title='bbox 770 2011 983 2071; x_wconf 90' lang='lat' dir='ltr'><strong>laetissimum</strong></span> <span class='ocrx_word' id='word_1_150' title='bbox 1028 2007 1069 2068; x_wconf 91' lang='lat' dir='ltr'><strong>ad</strong></span> <span class='ocrx_word' id='word_1_151' title='bbox 1109 2009 1334 2071; x_wconf 87' lang='lat' dir='ltr'><strong>celebrandam</strong></span> <span class='ocrx_word' id='word_1_152' title='bbox 1373 2013 1558 2073; x_wconf 90' lang='lat' dir='ltr'><strong>memoriam</strong></span> <span class='ocrx_word' id='word_1_153' title='bbox 1598 2015 1688 2074; x_wconf 89' lang='lat' dir='ltr'><strong>vitae</strong></span> <span class='ocrx_word' id='word_1_154' title='bbox 1726 2017 1759 2076; x_wconf 91' lang='lat' dir='ltr'><strong>in</strong></span> 
     </span>
     <span class='ocr_line' id='line_1_15' title="bbox 152 2107 1758 2199; baseline 0 -23"><span class='ocrx_word' id='word_1_155' title='bbox 152 2116 340 2178; x_wconf 89' lang='lat' dir='ltr'><strong>tristissimo</strong></span> <span class='ocrx_word' id='word_1_156' title='bbox 366 2113 421 2175; x_wconf 94' lang='lat' dir='ltr'><strong>illo</strong></span> <span class='ocrx_word' id='word_1_157' title='bbox 450 2112 582 2174; x_wconf 88' lang='lat' dir='ltr'><strong>deserto</strong></span> <span class='ocrx_word' id='word_1_158' title='bbox 610 2123 730 2187; x_wconf 87' lang='lat' dir='ltr'><strong>actae,</strong></span> <span class='ocrx_word' id='word_1_159' title='bbox 763 2111 915 2192; x_wconf 92' lang='lat' dir='ltr'><strong>puniendi</strong></span> <span class='ocrx_word' id='word_1_160' title='bbox 944 2107 1072 2190; x_wconf 91' lang='lat' dir='ltr'><strong>quidem</strong></span> <span class='ocrx_word' id='word_1_161' title='bbox 1102 2110 1346 2199; x_wconf 38' lang='lat' dir='ltr'><strong>et‘castigandi</strong></span> <span class='ocrx_word' id='word_1_162' title='bbox 1377 2115 1484 2194; x_wconf 93' lang='lat' dir='ltr'><strong>populi</strong></span> <span class='ocrx_word' id='word_1_163' title='bbox 1512 2125 1613 2176; x_wconf 76' lang='lat' dir='ltr'><strong>causa</strong></span> <span class='ocrx_word' id='word_1_164' title='bbox 1642 2134 1661 2175; x_wconf 89' lang='lat' dir='ltr'><strong>a</strong></span> <span class='ocrx_word' id='word_1_165' title='bbox 1688 2115 1758 2176; x_wconf 90' lang='lat' dir='ltr'><strong>Deo</strong></span> 
     </span>
    </p>

    <p class='ocr_par' dir='ltr' id='par_1_4' title="bbox 118 2204 1760 2504">
     <span class='ocr_line' id='line_1_16' title="bbox 118 2204 1759 2298; baseline -0.001 -19"><span class='ocrx_word' id='word_1_166' title='bbox 118 2221 122 2231; x_wconf 86' lang='lat'><em>&#39;</em></span> <span class='ocrx_word' id='word_1_167' title='bbox 154 2205 322 2295; x_wconf 84' lang='lat' dir='ltr'><strong>decretae,</strong></span> <span class='ocrx_word' id='word_1_168' title='bbox 343 2217 450 2297; x_wconf 89' lang='lat' dir='ltr'><strong>possit</strong></span> <span class='ocrx_word' id='word_1_169' title='bbox 471 2233 548 2277; x_wconf 90' lang='lat' dir='ltr'><strong>esse</strong></span> <span class='ocrx_word' id='word_1_170' title='bbox 568 2216 769 2276; x_wconf 91' lang='lat' dir='ltr'><strong>institutum.</strong></span> <span class='ocrx_word' id='word_1_171' title='bbox 814 2214 905 2275; x_wconf 89' lang='lat' dir='ltr'><strong>Vera</strong></span> <span class='ocrx_word' id='word_1_172' title='bbox 933 2222 1042 2274; x_wconf 87' lang='lat' dir='ltr'><strong>autem</strong></span> <span class='ocrx_word' id='word_1_173' title='bbox 1072 2204 1172 2274; x_wconf 82' lang='lat' dir='ltr'><strong>causa</strong></span> <span class='ocrx_word' id='word_1_174' title='bbox 1201 2221 1292 2293; x_wconf 86' lang='lat' dir='ltr'><strong>patet</strong></span> <span class='ocrx_word' id='word_1_175' title='bbox 1320 2233 1363 2274; x_wconf 85' lang='lat' dir='ltr'><strong>ex</strong></span> <span class='ocrx_word' id='word_1_176' title='bbox 1386 2217 1512 2277; x_wconf 91' lang='lat' dir='ltr'><strong>nomine</strong></span> <span class='ocrx_word' id='word_1_177' title='bbox 1535 2218 1759 2298; x_wconf 88' lang='lat' dir='ltr'><strong>antiquissimo</strong></span> 
     </span>
     <span class='ocr_line' id='line_1_17' title="bbox 152 2315 1760 2409; baseline -0.004 -23"><span class='ocrx_word' id='word_1_178' title='bbox 152 2339 252 2409; x_wconf 62' lang='lat' dir='ltr'><strong>apirian</strong></span> <span class='ocrx_word' id='word_1_179' title='bbox 281 2335 321 2386; x_wconf 69' lang='lat' dir='ltr'><strong>arr</strong></span> <span class='ocrx_word' id='word_1_180' title='bbox 351 2328 387 2380; x_wconf 89' lang='lat' dir='ltr'><strong>et</strong></span> <span class='ocrx_word' id='word_1_181' title='bbox 416 2317 553 2399; x_wconf 87' lang='lat' dir='ltr'><strong>adjectis</strong></span> <span class='ocrx_word' id='word_1_182' title='bbox 582 2318 614 2379; x_wconf 91' lang='lat' dir='ltr'><strong>h.</strong></span> <span class='ocrx_word' id='word_1_183' title='bbox 642 2318 662 2378; x_wconf 97' lang='lat' dir='ltr'><strong>l.</strong></span> <span class='ocrx_word' id='word_1_184' title='bbox 684 2317 794 2378; x_wconf 92' lang='lat' dir='ltr'><strong>verbis</strong></span> <span class='ocrx_word' id='word_1_185' title='bbox 816 2330 941 2380; x_wconf 70' lang='lat' dir='ltr'><strong>ezaon:</strong></span> <span class='ocrx_word' id='word_1_186' title='bbox 968 2325 1041 2394; x_wconf 81' lang='lat' dir='ltr'><strong>eto,</strong></span> <span class='ocrx_word' id='word_1_187' title='bbox 1073 2335 1116 2375; x_wconf 86' lang='lat' dir='ltr'><strong>cx</strong></span> <span class='ocrx_word' id='word_1_188' title='bbox 1138 2317 1255 2396; x_wconf 91' lang='lat' dir='ltr'><strong>quibus</strong></span> <span class='ocrx_word' id='word_1_189' title='bbox 1278 2315 1397 2377; x_wconf 90' lang='lat' dir='ltr'><strong>dudum</strong></span> <span class='ocrx_word' id='word_1_190' title='bbox 1418 2319 1620 2380; x_wconf 87' lang='lat' dir='ltr'><strong>intellectum</strong></span> <span class='ocrx_word' id='word_1_191' title='bbox 1642 2328 1695 2380; x_wconf 93' lang='lat' dir='ltr'><strong>est</strong></span> <span class='ocrx_word' id='word_1_192' title='bbox 1717 2319 1760 2381; x_wconf 90' lang='lat' dir='ltr'><strong>ad</strong></span> 
     </span>
     <span class='ocr_line' id='line_1_18' title="bbox 154 2404 1758 2504; baseline -0.002 -19"><span class='ocrx_word' id='word_1_193' title='bbox 154 2433 318 2504; x_wconf 85' lang='lat' dir='ltr'><strong>peractam</strong></span> <span class='ocrx_word' id='word_1_194' title='bbox 339 2431 619 2502; x_wconf 89' lang='lat' dir='ltr'><strong>proventuum</strong></span> <span class='ocrx_word' id='word_1_195' title='bbox 640 2420 730 2502; x_wconf 91' lang='lat' dir='ltr'><strong>agri</strong></span> <span class='ocrx_word' id='word_1_196' title='bbox 750 2419 1035 2479; x_wconf 89' lang='lat' dir='ltr'><strong>invectionem</strong></span> <span class='ocrx_word' id='word_1_197' title='bbox 1065 2428 1159 2498; x_wconf 76' lang='lat' dir='ltr'><strong>grata</strong></span> <span class='ocrx_word' id='word_1_198' title='bbox 1188 2428 1298 2479; x_wconf 90' lang='lat' dir='ltr'><strong>mente</strong></span> <span class='ocrx_word' id='word_1_199' title='bbox 1328 2419 1613 2482; x_wconf 86' lang='lat' dir='ltr'><strong>celebrandam</strong></span> <span class='ocrx_word' id='word_1_200' title='bbox 1644 2404 1758 2502; x_wconf 41' lang='lat' dir='ltr'><strong>et&#39;pie</strong></span> 
     </span>
    </p>

    <p class='ocr_par' dir='ltr' id='par_1_5' title="bbox 75 2519 1763 2812">
     <span class='ocr_line' id='line_1_19' title="bbox 75 2519 1758 2603; baseline -0.002 -15"><span class='ocrx_word' id='word_1_201' title='bbox 75 2555 78 2559; x_wconf 94' lang='lat'><em>·</em></span> <span class='ocrx_word' id='word_1_202' title='bbox 153 2525 400 2589; x_wconf 88' lang='lat' dir='ltr'><strong>sacrandam</strong></span> <span class='ocrx_word' id='word_1_203' title='bbox 428 2522 665 2602; x_wconf 74' lang='lat' dir='ltr'><strong>pertinere¹⁸);</strong></span> <span class='ocrx_word' id='word_1_204' title='bbox 707 2519 748 2582; x_wconf 90' lang='lat' dir='ltr'><strong>ad</strong></span> <span class='ocrx_word' id='word_1_205' title='bbox 778 2520 1105 2601; x_wconf 88' lang='lat' dir='ltr'><strong>gratulationum</strong></span> <span class='ocrx_word' id='word_1_206' title='bbox 1141 2521 1238 2603; x_wconf 92' lang='lat' dir='ltr'><strong>igitur</strong></span> <span class='ocrx_word' id='word_1_207' title='bbox 1273 2539 1379 2601; x_wconf 89' lang='lat' dir='ltr'><strong>genus</strong></span> <span class='ocrx_word' id='word_1_208' title='bbox 1418 2521 1641 2602; x_wconf 79' lang='lat' dir='ltr'><strong>referendum,</strong></span> <span class='ocrx_word' id='word_1_209' title='bbox 1682 2526 1758 2603; x_wconf 91' lang='lat' dir='ltr'><strong>qui·</strong></span> 
     </span>
     <span class='ocr_line' id='line_1_20' title="bbox 150 2622 1760 2708; baseline -0.004 -16"><span class='ocrx_word' id='word_1_210' title='bbox 150 2632 213 2692; x_wconf 90' lang='lat' dir='ltr'><strong>bus</strong></span> <span class='ocrx_word' id='word_1_211' title='bbox 248 2627 334 2708; x_wconf 92' lang='lat' dir='ltr'><strong>apud</strong></span> <span class='ocrx_word' id='word_1_212' title='bbox 370 2642 484 2686; x_wconf 89' lang='lat' dir='ltr'><strong>omnes</strong></span> <span class='ocrx_word' id='word_1_213' title='bbox 522 2625 590 2684; x_wconf 86' lang='lat' dir='ltr'><strong>iere</strong></span> <span class='ocrx_word' id='word_1_214' title='bbox 633 2625 768 2703; x_wconf 90' lang='lat' dir='ltr'><strong>populos</strong></span> <span class='ocrx_word' id='word_1_215' title='bbox 803 2633 878 2701; x_wconf 90' lang='lat' dir='ltr'><strong>post</strong></span> <span class='ocrx_word' id='word_1_216' title='bbox 909 2623 1018 2683; x_wconf 90' lang='lat' dir='ltr'><strong>illatos</strong></span> <span class='ocrx_word' id='word_1_217' title='bbox 1051 2622 1174 2683; x_wconf 86' lang='lat' dir='ltr'><strong>horreis</strong></span> <span class='ocrx_word' id='word_1_218' title='bbox 1205 2623 1280 2682; x_wconf 87' lang='lat' dir='ltr'><strong>anni</strong></span> <span class='ocrx_word' id='word_1_219' title='bbox 1316 2623 1496 2700; x_wconf 78' lang='lat' dir='ltr'><strong>proventus</strong></span> <span class='ocrx_word' id='word_1_220' title='bbox 1537 2625 1567 2684; x_wconf 94' lang='lat' dir='ltr'><strong>id</strong></span> <span class='ocrx_word' id='word_1_221' title='bbox 1609 2624 1760 2687; x_wconf 88' lang='lat' dir='ltr'><strong>beneficii</strong></span> 
     </span>
     <span class='ocr_line' id='line_1_21' title="bbox 150 2723 1763 2812; baseline -0.002 -20"><span class='ocrx_word' id='word_1_222' title='bbox 150 2744 218 2793; x_wconf 90' lang='lat' dir='ltr'><strong>tum</strong></span> <span class='ocrx_word' id='word_1_223' title='bbox 242 2729 391 2812; x_wconf 87' lang='lat' dir='ltr'><strong>gratibus</strong></span> <span class='ocrx_word' id='word_1_224' title='bbox 412 2726 482 2788; x_wconf 91' lang='lat' dir='ltr'><strong>Deo</strong></span> <span class='ocrx_word' id='word_1_225' title='bbox 506 2724 733 2805; x_wconf 86' lang='lat' dir='ltr'><strong>persolvendis</strong></span> <span class='ocrx_word' id='word_1_226' title='bbox 766 2734 835 2784; x_wconf 93' lang='lat' dir='ltr'><strong>tum</strong></span> <span class='ocrx_word' id='word_1_227' title='bbox 865 2725 1008 2785; x_wconf 89' lang='lat' dir='ltr'><strong>laetitiae</strong></span> <span class='ocrx_word' id='word_1_228' title='bbox 1042 2743 1186 2787; x_wconf 87' lang='lat' dir='ltr'><strong>summae</strong></span> <span class='ocrx_word' id='word_1_229' title='bbox 1222 2723 1452 2786; x_wconf 88' lang='lat' dir='ltr'><strong>testificatione</strong></span> <span class='ocrx_word' id='word_1_230' title='bbox 1487 2727 1586 2787; x_wconf 90' lang='lat' dir='ltr'><strong>recoli</strong></span> <span class='ocrx_word' id='word_1_231' title='bbox 1608 2727 1763 2807; x_wconf 76' lang='lat' dir='ltr'><strong>solet¹&#39;¹).¹</strong></span> 
     </span>
    </p>
   </div>
   <div class='ocr_carea' id='block_1_3' title="bbox 152 2934 617 2972">
    <p class='ocr_par' dir='ltr' id='par_1_6' title="bbox 152 2934 617 2972">
     <span class='ocr_line' id='line_1_22' title="bbox 152 2934 617 2972; baseline -0.006 0"><span class='ocrx_word' id='word_1_232' title='bbox 152 2934 559 2972; x_wconf 46' lang='lat' dir='ltr'><strong>n------··--——=-·-·---—··&#39;—-·-—··-¹</strong></span> <span class='ocrx_word' id='word_1_233' title='bbox 612 2949 617 2958; x_wconf 79' lang='lat'>¹</span> 
     </span>
    </p>
   </div>
   <div class='ocr_carea' id='block_1_4' title="bbox 152 3098 1805 3934">
    <p class='ocr_par' dir='ltr' id='par_1_7' title="bbox 152 3098 1805 3934">
     <span class='ocr_line' id='line_1_23' title="bbox 222 3098 1805 3185; baseline 0.001 -33"><span class='ocrx_word' id='word_1_234' title='bbox 222 3098 268 3164; x_wconf 76' lang='grc'><strong>12)</strong></span> <span class='ocrx_word' id='word_1_235' title='bbox 292 3105 369 3165; x_wconf 78' lang='lat' dir='ltr'><strong>Quod</strong></span> <span class='ocrx_word' id='word_1_236' title='bbox 392 3105 449 3153; x_wconf 87' lang='lat' dir='ltr'><strong>tum</strong></span> <span class='ocrx_word' id='word_1_237' title='bbox 473 3116 507 3152; x_wconf 83' lang='lat' dir='ltr'><strong>ex</strong></span> <span class='ocrx_word' id='word_1_238' title='bbox 529 3115 561 3150; x_wconf 91' lang='lat' dir='ltr'><strong>re</strong></span> <span class='ocrx_word' id='word_1_239' title='bbox 585 3102 647 3163; x_wconf 90' lang='lat' dir='ltr'><strong>ipsa</strong></span> <span class='ocrx_word' id='word_1_240' title='bbox 664 3101 746 3151; x_wconf 80' lang='lat' dir='ltr'><strong>facile</strong></span> <span class='ocrx_word' id='word_1_241' title='bbox 763 3103 855 3166; x_wconf 87' lang='lat' dir='ltr'><strong>patet,</strong></span> <span class='ocrx_word' id='word_1_242' title='bbox 874 3099 1004 3164; x_wconf 88' lang='lat' dir='ltr'><strong>siqnidem</strong></span> <span class='ocrx_word' id='word_1_243' title='bbox 1023 3101 1075 3150; x_wconf 86' lang='lat' dir='ltr'><strong>iter</strong></span> <span class='ocrx_word' id='word_1_244' title='bbox 1093 3102 1250 3151; x_wconf 82' lang='lat' dir='ltr'><strong>facientium</strong></span> <span class='ocrx_word' id='word_1_245' title='bbox 1268 3103 1296 3151; x_wconf 87' lang='lat' dir='ltr'><strong>et</strong></span> <span class='ocrx_word' id='word_1_246' title='bbox 1313 3103 1461 3152; x_wconf 89' lang='lat' dir='ltr'><strong>Nomadum</strong></span> <span class='ocrx_word' id='word_1_247' title='bbox 1485 3103 1664 3165; x_wconf 71' lang='lat' dir='ltr'><strong>trabitacuiiS,</strong></span> <span class='ocrx_word' id='word_1_248' title='bbox 1692 3116 1761 3165; x_wconf 90' lang='lat' dir='ltr'><strong>quae</strong></span> <span class='ocrx_word' id='word_1_249' title='bbox 1801 3162 1805 3185; x_wconf 39' lang='lat'><strong>¹</strong></span> 
     </span>
     <span class='ocr_line' id='line_1_24' title="bbox 152 3187 1761 3250; baseline -0.001 -10"><span class='ocrx_word' id='word_1_250' title='bbox 152 3192 232 3242; x_wconf 83' lang='lat' dir='ltr'><strong>facile</strong></span> <span class='ocrx_word' id='word_1_251' title='bbox 249 3189 355 3240; x_wconf 90' lang='lat' dir='ltr'><strong>moveri</strong></span> <span class='ocrx_word' id='word_1_252' title='bbox 373 3192 401 3239; x_wconf 90' lang='lat' dir='ltr'><strong>et</strong></span> <span class='ocrx_word' id='word_1_253' title='bbox 418 3188 602 3250; x_wconf 88' lang='lat' dir='ltr'><strong>transportari</strong></span> <span class='ocrx_word' id='word_1_254' title='bbox 620 3199 704 3250; x_wconf 87' lang='lat' dir='ltr'><strong>posse</strong></span> <span class='ocrx_word' id='word_1_255' title='bbox 722 3200 838 3237; x_wconf 87' lang='lat' dir='ltr'><strong>necesse</strong></span> <span class='ocrx_word' id='word_1_256' title='bbox 857 3189 916 3250; x_wconf 90' lang='lat' dir='ltr'><strong>est,</strong></span> <span class='ocrx_word' id='word_1_257' title='bbox 935 3198 990 3234; x_wconf 91' lang='lat' dir='ltr'><strong>non</strong></span> <span class='ocrx_word' id='word_1_258' title='bbox 1008 3189 1164 3236; x_wconf 89' lang='lat' dir='ltr'><strong>umbracula</strong></span> <span class='ocrx_word' id='word_1_259' title='bbox 1188 3188 1233 3236; x_wconf 86' lang='lat' dir='ltr'><strong>vei</strong></span> <span class='ocrx_word' id='word_1_260' title='bbox 1258 3187 1369 3248; x_wconf 78' lang='lat' dir='ltr'><strong>tuguria</strong></span> <span class='ocrx_word' id='word_1_261' title='bbox 1393 3189 1536 3238; x_wconf 84' lang='lat' dir='ltr'><strong>frondibus</strong></span> <span class='ocrx_word' id='word_1_262' title='bbox 1561 3191 1589 3238; x_wconf 86' lang='lat' dir='ltr'><strong>et</strong></span> <span class='ocrx_word' id='word_1_263' title='bbox 1611 3189 1669 3238; x_wconf 90' lang='lat' dir='ltr'><strong>into</strong></span> <span class='ocrx_word' id='word_1_264' title='bbox 1693 3200 1761 3238; x_wconf 90' lang='lat' dir='ltr'><strong>con-</strong></span> 
     </span>
     <span class='ocr_line' id='line_1_25' title="bbox 153 3272 1761 3339; baseline -0.002 -12"><span class='ocrx_word' id='word_1_265' title='bbox 153 3279 245 3339; x_wconf 83' lang='lat' dir='ltr'><strong>texta,</strong></span> <span class='ocrx_word' id='word_1_266' title='bbox 269 3277 320 3326; x_wconf 88' lang='lat' dir='ltr'><strong>sed</strong></span> <span class='ocrx_word' id='word_1_267' title='bbox 337 3275 459 3324; x_wconf 90' lang='lat' dir='ltr'><strong>tentoria</strong></span> <span class='ocrx_word' id='word_1_268' title='bbox 476 3277 581 3325; x_wconf 82' lang='lat' dir='ltr'><strong>tautum</strong></span> <span class='ocrx_word' id='word_1_269' title='bbox 599 3276 628 3323; x_wconf 89' lang='lat' dir='ltr'><strong>et</strong></span> <span class='ocrx_word' id='word_1_270' title='bbox 644 3276 709 3335; x_wconf 86' lang='lat' dir='ltr'><strong>apta</strong></span> <span class='ocrx_word' id='word_1_271' title='bbox 727 3275 792 3321; x_wconf 89' lang='lat' dir='ltr'><strong>sunt</strong></span> <span class='ocrx_word' id='word_1_272' title='bbox 810 3276 839 3322; x_wconf 88' lang='lat' dir='ltr'><strong>et</strong></span> <span class='ocrx_word' id='word_1_273' title='bbox 856 3283 991 3335; x_wconf 83' lang='lat' dir='ltr'><strong>nunquam</strong></span> <span class='ocrx_word' id='word_1_274' title='bbox 1018 3285 1072 3321; x_wconf 91' lang='lat' dir='ltr'><strong>non</strong></span> <span class='ocrx_word' id='word_1_275' title='bbox 1090 3274 1208 3331; x_wconf 78' lang='lat' dir='ltr'><strong>usitata3</strong></span> <span class='ocrx_word' id='word_1_276' title='bbox 1239 3275 1295 3320; x_wconf 88' lang='lat' dir='ltr'><strong>trrm</strong></span> <span class='ocrx_word' id='word_1_277' title='bbox 1314 3285 1381 3322; x_wconf 89' lang='lat' dir='ltr'><strong>vero</strong></span> <span class='ocrx_word' id='word_1_278' title='bbox 1401 3286 1435 3322; x_wconf 81' lang='lat' dir='ltr'><strong>ex</strong></span> <span class='ocrx_word' id='word_1_279' title='bbox 1453 3272 1558 3323; x_wconf 88' lang='lat' dir='ltr'><strong>deserti</strong></span> <span class='ocrx_word' id='word_1_280' title='bbox 1574 3272 1686 3324; x_wconf 81' lang='lat' dir='ltr'><strong>Arabici</strong></span> <span class='ocrx_word' id='word_1_281' title='bbox 1712 3286 1761 3324; x_wconf 87' lang='lat' dir='ltr'><strong>ra·</strong></span> 
     </span>
     <span class='ocr_line' id='line_1_26' title="bbox 152 3357 1762 3424; baseline -0.002 -13"><span class='ocrx_word' id='word_1_282' title='bbox 152 3365 241 3424; x_wconf 89' lang='lat' dir='ltr'><strong>tione,</strong></span> <span class='ocrx_word' id='word_1_283' title='bbox 269 3360 341 3424; x_wconf 86' lang='lat' dir='ltr'><strong>quod</strong></span> <span class='ocrx_word' id='word_1_284' title='bbox 362 3373 431 3411; x_wconf 87' lang='lat' dir='ltr'><strong>sane</strong></span> <span class='ocrx_word' id='word_1_285' title='bbox 452 3373 503 3410; x_wconf 89' lang='lat' dir='ltr'><strong>uec</strong></span> <span class='ocrx_word' id='word_1_286' title='bbox 526 3363 656 3411; x_wconf 86' lang='lat' dir='ltr'><strong>arborum</strong></span> <span class='ocrx_word' id='word_1_287' title='bbox 678 3371 729 3408; x_wconf 86' lang='lat' dir='ltr'><strong>neo</strong></span> <span class='ocrx_word' id='word_1_288' title='bbox 751 3357 881 3407; x_wconf 82' lang='lat' dir='ltr'><strong>fruticum</strong></span> <span class='ocrx_word' id='word_1_289' title='bbox 903 3358 1009 3419; x_wconf 90' lang='lat' dir='ltr'><strong>copiam</strong></span> <span class='ocrx_word' id='word_1_290' title='bbox 1033 3359 1067 3406; x_wconf 89' lang='lat' dir='ltr'><strong>ad</strong></span> <span class='ocrx_word' id='word_1_291' title='bbox 1086 3357 1251 3408; x_wconf 87' lang='lat' dir='ltr'><strong>exstruenda</strong></span> <span class='ocrx_word' id='word_1_292' title='bbox 1273 3359 1432 3409; x_wconf 84' lang='lat' dir='ltr'><strong>umbracula</strong></span> <span class='ocrx_word' id='word_1_293' title='bbox 1449 3359 1493 3406; x_wconf 90' lang='lat' dir='ltr'><strong>vei</strong></span> <span class='ocrx_word' id='word_1_294' title='bbox 1512 3359 1639 3422; x_wconf 83' lang='lat' dir='ltr'><strong>tuguria,</strong></span> <span class='ocrx_word' id='word_1_295' title='bbox 1667 3361 1762 3409; x_wconf 87' lang='lat' dir='ltr'><strong>tantae</strong></span> 
     </span>
     <span class='ocr_line' id='line_1_27' title="bbox 152 3442 1763 3510; baseline -0.001 -13"><span class='ocrx_word' id='word_1_296' title='bbox 152 3449 318 3509; x_wconf 87' lang='lat' dir='ltr'><strong>praesertim</strong></span> <span class='ocrx_word' id='word_1_297' title='bbox 340 3446 520 3510; x_wconf 88' lang='lat' dir='ltr'><strong>multitudini,</strong></span> <span class='ocrx_word' id='word_1_298' title='bbox 538 3448 631 3498; x_wconf 80' lang='lat' dir='ltr'><strong>tacere</strong></span> <span class='ocrx_word' id='word_1_299' title='bbox 654 3445 772 3496; x_wconf 86' lang='lat' dir='ltr'><strong>constat.</strong></span> <span class='ocrx_word' id='word_1_300' title='bbox 808 3443 920 3494; x_wconf 83' lang='lat' dir='ltr'><strong>Accedit</strong></span> <span class='ocrx_word' id='word_1_301' title='bbox 946 3443 1169 3506; x_wconf 82' lang='lat' dir='ltr'><strong>frequentissima</strong></span> <span class='ocrx_word' id='word_1_302' title='bbox 1192 3442 1371 3492; x_wconf 86' lang='lat' dir='ltr'><strong>tentoriorum</strong></span> <span class='ocrx_word' id='word_1_303' title='bbox 1395 3445 1524 3504; x_wconf 88' lang='lat' dir='ltr'><strong>tanquam</strong></span> <span class='ocrx_word' id='word_1_304' title='bbox 1546 3444 1763 3495; x_wconf 77' lang='lat' dir='ltr'><strong>habitaculorum</strong></span> 
     </span>
     <span class='ocr_line' id='line_1_28' title="bbox 153 3522 1770 3597; baseline -0.004 -13"><span class='ocrx_word' id='word_1_305' title='bbox 153 3534 245 3596; x_wconf 90' lang='lat' dir='ltr'><strong>populi</strong></span> <span class='ocrx_word' id='word_1_306' title='bbox 262 3531 373 3597; x_wconf 89' lang='lat' dir='ltr'><strong>mentio,</strong></span> <span class='ocrx_word' id='word_1_307' title='bbox 391 3533 469 3582; x_wconf 87' lang='lat' dir='ltr'><strong>velut</strong></span> <span class='ocrx_word' id='word_1_308' title='bbox 483 3535 535 3584; x_wconf 82' lang='lat' dir='ltr'><strong>Ex.</strong></span> <span class='ocrx_word' id='word_1_309' title='bbox 546 3533 588 3596; x_wconf 83' lang='lat' dir='ltr'><strong>to,</strong></span> <span class='ocrx_word' id='word_1_310' title='bbox 600 3533 640 3582; x_wconf 84' lang='lat' dir='ltr'><strong>to.</strong></span> <span class='ocrx_word' id='word_1_311' title='bbox 661 3533 702 3597; x_wconf 80' lang='lat'><strong>18,</strong></span> <span class='ocrx_word' id='word_1_312' title='bbox 712 3529 737 3582; x_wconf 79' lang='lat'><strong>⁷.</strong></span> <span class='ocrx_word' id='word_1_313' title='bbox 756 3529 801 3590; x_wconf 81' lang='grc'><strong>33,</strong></span> <span class='ocrx_word' id='word_1_314' title='bbox 811 3530 829 3578; x_wconf 88' lang='lat'>8</span> <span class='ocrx_word' id='word_1_315' title='bbox 839 3543 915 3592; x_wconf 83' lang='lat' dir='ltr'><strong>seqq.</strong></span> <span class='ocrx_word' id='word_1_316' title='bbox 934 3530 1000 3579; x_wconf 84' lang='lat' dir='ltr'><strong>Lev.</strong></span> <span class='ocrx_word' id='word_1_317' title='bbox 1016 3530 1088 3593; x_wconf 81' lang='lat' dir='ltr'><strong>ii,8.</strong></span> <span class='ocrx_word' id='word_1_318' title='bbox 1106 3530 1183 3580; x_wconf 85' lang='lat' dir='ltr'><strong>Num.</strong></span> <span class='ocrx_word' id='word_1_319' title='bbox 1198 3529 1239 3589; x_wconf 87' lang='grc'><strong>16,</strong></span> <span class='ocrx_word' id='word_1_320' title='bbox 1250 3528 1367 3588; x_wconf 78' lang='lat' dir='ltr'><strong>aeseqq.</strong></span> <span class='ocrx_word' id='word_1_321' title='bbox 1384 3526 1453 3592; x_wconf 79' lang='lat'><strong>24,5</strong></span> <span class='ocrx_word' id='word_1_322' title='bbox 1463 3531 1490 3578; x_wconf 88' lang='lat' dir='ltr'><strong>et</strong></span> <span class='ocrx_word' id='word_1_323' title='bbox 1504 3529 1645 3589; x_wconf 77' lang='lat' dir='ltr'><strong>multaab,</strong></span> <span class='ocrx_word' id='word_1_324' title='bbox 1657 3532 1684 3577; x_wconf 86' lang='lat' dir='ltr'><strong>et</strong></span> <span class='ocrx_word' id='word_1_325' title='bbox 1694 3522 1770 3578; x_wconf 54' lang='lat' dir='ltr'><strong>con-⁴</strong></span> 
     </span>
     <span class='ocr_line' id='line_1_29' title="bbox 154 3604 1761 3692; baseline -0.006 -24"><span class='ocrx_word' id='word_1_326' title='bbox 154 3624 231 3668; x_wconf 87' lang='lat' dir='ltr'><strong>stans</strong></span> <span class='ocrx_word' id='word_1_327' title='bbox 240 3615 374 3682; x_wconf 87' lang='lat' dir='ltr'><strong>ejusmodi</strong></span> <span class='ocrx_word' id='word_1_328' title='bbox 383 3618 575 3668; x_wconf 82' lang='lat' dir='ltr'><strong>vocabulorum</strong></span> <span class='ocrx_word' id='word_1_329' title='bbox 586 3630 653 3666; x_wconf 91' lang='lat' dir='ltr'><strong>usus</strong></span> <span class='ocrx_word' id='word_1_330' title='bbox 664 3628 732 3679; x_wconf 85' lang='lat' dir='ltr'><strong>quae</strong></span> <span class='ocrx_word' id='word_1_331' title='bbox 742 3618 775 3665; x_wconf 89' lang='lat' dir='ltr'><strong>ab</strong></span> <span class='ocrx_word' id='word_1_332' title='bbox 785 3615 828 3663; x_wconf 87' lang='lat' dir='ltr'><strong>bis</strong></span> <span class='ocrx_word' id='word_1_333' title='bbox 843 3617 969 3665; x_wconf 85' lang='lat' dir='ltr'><strong>desumto</strong></span> <span class='ocrx_word' id='word_1_334' title='bbox 979 3627 1041 3663; x_wconf 85' lang='lat' dir='ltr'><strong>esse</strong></span> <span class='ocrx_word' id='word_1_335' title='bbox 1053 3615 1173 3676; x_wconf 85' lang='lat' dir='ltr'><strong>constat,</strong></span> <span class='ocrx_word' id='word_1_336' title='bbox 1189 3615 1219 3661; x_wconf 91' lang='lat' dir='ltr'><strong>ut</strong></span> <span class='ocrx_word' id='word_1_337' title='bbox 1238 3627 1292 3674; x_wconf 58' lang='grc' dir='ltr'><strong>πῃ</strong></span> <span class='ocrx_word' id='word_1_338' title='bbox 1315 3611 1424 3689; x_wconf 56' lang='lat' dir='ltr'><strong>(pm),</strong></span> <span class='ocrx_word' id='word_1_339' title='bbox 1445 3631 1507 3678; x_wconf 65' lang='lat' dir='ltr'><strong>mii</strong></span> <span class='ocrx_word' id='word_1_340' title='bbox 1529 3604 1665 3692; x_wconf 60' lang='lat' dir='ltr'><strong>(mm),</strong></span> <span class='ocrx_word' id='word_1_341' title='bbox 1689 3630 1761 3677; x_wconf 67' lang='lat' dir='ltr'><strong>ritib.</strong></span> 
     </span>
     <span class='ocr_line' id='line_1_30' title="bbox 156 3695 1761 3768; baseline -0.003 -16"><span class='ocrx_word' id='word_1_342' title='bbox 156 3704 233 3764; x_wconf 78' lang='lat' dir='ltr'><strong>Quod</strong></span> <span class='ocrx_word' id='word_1_343' title='bbox 257 3717 319 3768; x_wconf 60' lang='lat' dir='ltr'><strong>rim</strong></span> <span class='ocrx_word' id='word_1_344' title='bbox 341 3705 369 3753; x_wconf 87' lang='lat' dir='ltr'><strong>et</strong></span> <span class='ocrx_word' id='word_1_345' title='bbox 387 3717 463 3768; x_wconf 57' lang='lat'><strong>„730</strong></span> <span class='ocrx_word' id='word_1_346' title='bbox 486 3712 678 3764; x_wconf 88' lang='lat' dir='ltr'><strong>nonnunquam</strong></span> <span class='ocrx_word' id='word_1_347' title='bbox 696 3701 776 3751; x_wconf 85' lang='lat' dir='ltr'><strong>etiam</strong></span> <span class='ocrx_word' id='word_1_348' title='bbox 795 3701 867 3750; x_wconf 89' lang='lat' dir='ltr'><strong>idem</strong></span> <span class='ocrx_word' id='word_1_349' title='bbox 885 3699 923 3749; x_wconf 89' lang='lat' dir='ltr'><strong>sit</strong></span> <span class='ocrx_word' id='word_1_350' title='bbox 940 3699 1011 3759; x_wconf 90' lang='lat' dir='ltr'><strong>qnod</strong></span> <span class='ocrx_word' id='word_1_351' title='bbox 1028 3695 1090 3761; x_wconf 57' lang='lat' dir='ltr'><strong>bflp</strong></span> <span class='ocrx_word' id='word_1_352' title='bbox 1109 3696 1181 3762; x_wconf 83' lang='lat' dir='ltr'><strong>(soii.</strong></span> <span class='ocrx_word' id='word_1_353' title='bbox 1205 3709 1254 3760; x_wconf 93' lang='lat' dir='ltr'><strong>pro</strong></span> <span class='ocrx_word' id='word_1_354' title='bbox 1279 3699 1372 3758; x_wconf 90' lang='lat' dir='ltr'><strong>etymo</strong></span> <span class='ocrx_word' id='word_1_355' title='bbox 1402 3711 1453 3748; x_wconf 91' lang='lat' dir='ltr'><strong>suo</strong></span> <span class='ocrx_word' id='word_1_356' title='bbox 1477 3700 1576 3749; x_wconf 90' lang='lat' dir='ltr'><strong>latiore</strong></span> <span class='ocrx_word' id='word_1_357' title='bbox 1602 3697 1655 3747; x_wconf 90' lang='lat' dir='ltr'><strong>loci</strong></span> <span class='ocrx_word' id='word_1_358' title='bbox 1672 3699 1761 3747; x_wconf 92' lang='lat' dir='ltr'><strong>tecti</strong></span> 
     </span>
     <span class='ocr_line' id='line_1_31' title="bbox 155 3771 1762 3849; baseline -0.002 -12"><span class='ocrx_word' id='word_1_359' title='bbox 155 3793 183 3838; x_wconf 90' lang='lat' dir='ltr'><strong>et</strong></span> <span class='ocrx_word' id='word_1_360' title='bbox 200 3789 268 3837; x_wconf 93' lang='lat' dir='ltr'><strong>tuti</strong></span> <span class='ocrx_word' id='word_1_361' title='bbox 285 3771 318 3836; x_wconf 49' lang='lat' dir='ltr'><strong>s?</strong></span> <span class='ocrx_word' id='word_1_362' title='bbox 327 3789 434 3838; x_wconf 87' lang='lat' dir='ltr'><strong>latibuli</strong></span> <span class='ocrx_word' id='word_1_363' title='bbox 451 3800 535 3838; x_wconf 85' lang='lat' dir='ltr'><strong>sensu</strong></span> <span class='ocrx_word' id='word_1_364' title='bbox 555 3785 653 3834; x_wconf 90' lang='lat' dir='ltr'><strong>dictum</strong></span> <span class='ocrx_word' id='word_1_365' title='bbox 677 3779 1262 3849; x_wconf 48' lang='lat' dir='ltr'><strong>=nunciis.18,1i..tes.t,6),eo</strong></span> <span class='ocrx_word' id='word_1_366' title='bbox 1289 3781 1356 3830; x_wconf 89' lang='lat' dir='ltr'><strong>nihii</strong></span> <span class='ocrx_word' id='word_1_367' title='bbox 1379 3782 1512 3847; x_wconf 81' lang='lat' dir='ltr'><strong>efficitur,</strong></span> <span class='ocrx_word' id='word_1_368' title='bbox 1537 3781 1601 3845; x_wconf 84' lang='lat' dir='ltr'><strong>quia</strong></span> <span class='ocrx_word' id='word_1_369' title='bbox 1624 3782 1648 3828; x_wconf 90' lang='lat' dir='ltr'><strong>ir.</strong></span> <span class='ocrx_word' id='word_1_370' title='bbox 1671 3783 1689 3832; x_wconf 81' lang='lat'><strong>1,</strong></span> <span class='ocrx_word' id='word_1_371' title='bbox 1708 3794 1762 3833; x_wconf 90' lang='lat' dir='ltr'><strong>nou</strong></span> 
     </span>
     <span class='ocr_line' id='line_1_32' title="bbox 155 3870 839 3934; baseline -0.003 -11"><span class='ocrx_word' id='word_1_372' title='bbox 155 3873 276 3923; x_wconf 86' lang='lat' dir='ltr'><strong>tentoria</strong></span> <span class='ocrx_word' id='word_1_373' title='bbox 292 3873 341 3921; x_wconf 84' lang='lat' dir='ltr'><strong>seri</strong></span> <span class='ocrx_word' id='word_1_374' title='bbox 358 3874 517 3923; x_wconf 88' lang='lat' dir='ltr'><strong>umbracula</strong></span> <span class='ocrx_word' id='word_1_375' title='bbox 534 3872 650 3921; x_wconf 85' lang='lat' dir='ltr'><strong>frondea</strong></span> <span class='ocrx_word' id='word_1_376' title='bbox 667 3870 741 3934; x_wconf 82' lang='lat' dir='ltr'><strong>exigi</strong></span> <span class='ocrx_word' id='word_1_377' title='bbox 755 3872 839 3932; x_wconf 89' lang='lat' dir='ltr'><strong>patet.</strong></span> 
     </span>
    </p>
   </div>
   <div class='ocr_carea' id='block_1_5' title="bbox 156 4016 1765 4164">
    <p class='ocr_par' dir='ltr' id='par_1_8' title="bbox 156 4016 1765 4164">
     <span class='ocr_line' id='line_1_33' title="bbox 225 4016 1765 4087; baseline -0.004 -11"><span class='ocrx_word' id='word_1_378' title='bbox 225 4028 272 4084; x_wconf 81' lang='lat'><strong>13)</strong></span> <span class='ocrx_word' id='word_1_379' title='bbox 292 4029 368 4087; x_wconf 80' lang='lat' dir='ltr'><strong>Quae</strong></span> <span class='ocrx_word' id='word_1_380' title='bbox 385 4027 457 4077; x_wconf 87' lang='lat' dir='ltr'><strong>ratio</strong></span> <span class='ocrx_word' id='word_1_381' title='bbox 476 4029 511 4077; x_wconf 88' lang='lat' dir='ltr'><strong>ab</strong></span> <span class='ocrx_word' id='word_1_382' title='bbox 528 4026 578 4076; x_wconf 91' lang='lat' dir='ltr'><strong>iiia</strong></span> <span class='ocrx_word' id='word_1_383' title='bbox 594 4025 727 4076; x_wconf 87' lang='lat' dir='ltr'><strong>historica</strong></span> <span class='ocrx_word' id='word_1_384' title='bbox 744 4026 797 4073; x_wconf 89' lang='lat' dir='ltr'><strong>tam</strong></span> <span class='ocrx_word' id='word_1_385' title='bbox 823 4024 936 4074; x_wconf 85' lang='lat' dir='ltr'><strong>diversa</strong></span> <span class='ocrx_word' id='word_1_386' title='bbox 959 4026 1001 4073; x_wconf 89' lang='lat' dir='ltr'><strong>est</strong></span> <span class='ocrx_word' id='word_1_387' title='bbox 1026 4025 1053 4071; x_wconf 90' lang='lat' dir='ltr'><strong>et</strong></span> <span class='ocrx_word' id='word_1_388' title='bbox 1078 4024 1198 4083; x_wconf 85' lang='lat' dir='ltr'><strong>remota,</strong></span> <span class='ocrx_word' id='word_1_389' title='bbox 1227 4023 1256 4070; x_wconf 93' lang='lat' dir='ltr'><strong>ut</strong></span> <span class='ocrx_word' id='word_1_390' title='bbox 1279 4019 1388 4068; x_wconf 88' lang='lat' dir='ltr'><strong>minime</strong></span> <span class='ocrx_word' id='word_1_391' title='bbox 1405 4030 1464 4066; x_wconf 89' lang='lat' dir='ltr'><strong>cnm</strong></span> <span class='ocrx_word' id='word_1_392' title='bbox 1483 4016 1531 4067; x_wconf 87' lang='lat' dir='ltr'><strong>iiia</strong></span> <span class='ocrx_word' id='word_1_393' title='bbox 1547 4017 1719 4067; x_wconf 86' lang='lat' dir='ltr'><strong>concilianda</strong></span> <span class='ocrx_word' id='word_1_394' title='bbox 1737 4024 1765 4070; x_wconf 90' lang='lat' dir='ltr'><strong>et</strong></span> 
     </span>
     <span class='ocr_line' id='line_1_34' title="bbox 156 4113 528 4164; baseline 0.011 -5"><span class='ocrx_word' id='word_1_395' title='bbox 156 4113 295 4162; x_wconf 89' lang='lat' dir='ltr'><strong>miscenda</strong></span> <span class='ocrx_word' id='word_1_396' title='bbox 313 4113 376 4162; x_wconf 91' lang='lat' dir='ltr'><strong>mihi</strong></span> <span class='ocrx_word' id='word_1_397' title='bbox 393 4113 528 4164; x_wconf 84' lang='lat' dir='ltr'><strong>videatur.</strong></span> 
     </span>
    </p>
   </div>
   <div class='ocr_carea' id='block_1_6' title="bbox 127 4253 1766 4423">
    <p class='ocr_par' dir='ltr' id='par_1_9' title="bbox 127 4253 1766 4423">
     <span class='ocr_line' id='line_1_35' title="bbox 228 4253 1766 4332; baseline -0.005 -16"><span class='ocrx_word' id='word_1_398' title='bbox 228 4269 275 4326; x_wconf 82' lang='lat'><strong>14)</strong></span> <span class='ocrx_word' id='word_1_399' title='bbox 292 4267 350 4329; x_wconf 77' lang='lat' dir='ltr'><strong>Qud</strong></span> <span class='ocrx_word' id='word_1_400' title='bbox 369 4272 495 4332; x_wconf 88' lang='lat' dir='ltr'><strong>spectant</strong></span> <span class='ocrx_word' id='word_1_401' title='bbox 512 4266 582 4318; x_wconf 85' lang='lat' dir='ltr'><strong>ritris</strong></span> <span class='ocrx_word' id='word_1_402' title='bbox 599 4268 694 4318; x_wconf 86' lang='lat' dir='ltr'><strong>festivi</strong></span> <span class='ocrx_word' id='word_1_403' title='bbox 710 4269 736 4319; x_wconf 91' lang='lat' dir='ltr'><strong>h.</strong></span> <span class='ocrx_word' id='word_1_404' title='bbox 754 4268 774 4319; x_wconf 91' lang='lat' dir='ltr'><strong>i.</strong></span> <span class='ocrx_word' id='word_1_405' title='bbox 793 4263 871 4315; x_wconf 86' lang='lat' dir='ltr'><strong>allati</strong></span> <span class='ocrx_word' id='word_1_406' title='bbox 888 4275 921 4312; x_wconf 88' lang='lat' dir='ltr'><strong>ac</strong></span> <span class='ocrx_word' id='word_1_407' title='bbox 938 4263 1066 4326; x_wconf 89' lang='lat' dir='ltr'><strong>deinceps</strong></span> <span class='ocrx_word' id='word_1_408' title='bbox 1084 4261 1177 4311; x_wconf 89' lang='lat' dir='ltr'><strong>multis</strong></span> <span class='ocrx_word' id='word_1_409' title='bbox 1195 4259 1257 4310; x_wconf 90' lang='lat' dir='ltr'><strong>aliis</strong></span> <span class='ocrx_word' id='word_1_410' title='bbox 1276 4253 1409 4320; x_wconf 86' lang='lat' dir='ltr'><strong>ejusmodi</strong></span> <span class='ocrx_word' id='word_1_411' title='bbox 1426 4254 1515 4316; x_wconf 88' lang='lat' dir='ltr'><strong>ancti,</strong></span> <span class='ocrx_word' id='word_1_412' title='bbox 1539 4268 1598 4305; x_wconf 92' lang='lat' dir='ltr'><strong>cum</strong></span> <span class='ocrx_word' id='word_1_413' title='bbox 1621 4258 1766 4308; x_wconf 84' lang='lat' dir='ltr'><strong>sacrificiis</strong></span> 
     </span>
     <span class='ocr_line' id='line_1_36' title="bbox 127 4340 1763 4423; baseline -0.009 -20"><span class='ocrx_word' id='word_1_414' title='bbox 127 4417 130 4423; x_wconf 21' lang='grc' dir='ltr'>Ι</span> <span class='ocrx_word' id='word_1_415' title='bbox 158 4354 309 4416; x_wconf 76' lang='lat' dir='ltr'><strong>magnificis</strong></span> <span class='ocrx_word' id='word_1_416' title='bbox 329 4359 356 4403; x_wconf 90' lang='lat' dir='ltr'><strong>et</strong></span> <span class='ocrx_word' id='word_1_417' title='bbox 373 4356 461 4417; x_wconf 88' lang='lat' dir='ltr'><strong>epulis</strong></span> <span class='ocrx_word' id='word_1_418' title='bbox 481 4354 653 4404; x_wconf 87' lang='lat' dir='ltr'><strong>lautissimis.</strong></span> <span class='ocrx_word' id='word_1_419' title='bbox 690 4355 811 4414; x_wconf 81' lang='lat' dir='ltr'><strong>Quorum</strong></span> <span class='ocrx_word' id='word_1_420' title='bbox 827 4349 975 4399; x_wconf 88' lang='lat' dir='ltr'><strong>similitudo</strong></span> <span class='ocrx_word' id='word_1_421' title='bbox 993 4349 1110 4398; x_wconf 86' lang='lat' dir='ltr'><strong>maxima</strong></span> <span class='ocrx_word' id='word_1_422' title='bbox 1127 4361 1185 4396; x_wconf 89' lang='lat' dir='ltr'><strong>oum</strong></span> <span class='ocrx_word' id='word_1_423' title='bbox 1205 4346 1374 4394; x_wconf 84' lang='lat' dir='ltr'><strong>Graecorum</strong></span> <span class='ocrx_word' id='word_1_424' title='bbox 1390 4340 1627 4401; x_wconf 84' lang='lat' dir='ltr'><strong>Dionysiaeis</strong></span> <span class='ocrx_word' id='word_1_425' title='bbox 1644 4367 1679 4378; x_wconf 93' lang='lat'>—</span> <span class='ocrx_word' id='word_1_426' title='bbox 1702 4344 1763 4404; x_wconf 44' lang='lat' dir='ltr'><strong>quie</strong></span> 
     </span>
    </p>
   </div>
   <div class='ocr_carea' id='block_1_7' title="bbox 158 4418 1765 4590">
    <p class='ocr_par' dir='ltr' id='par_1_10' title="bbox 158 4418 1765 4590">
     <span class='ocr_line' id='line_1_37' title="bbox 159 4418 1765 4504; baseline -0.006 -17"><span class='ocrx_word' id='word_1_427' title='bbox 159 4442 208 4488; x_wconf 87' lang='lat' dir='ltr'><strong>bns</strong></span> <span class='ocrx_word' id='word_1_428' title='bbox 227 4441 459 4492; x_wconf 79' lang='lat' dir='ltr'><strong>Plutarchus</strong></span> <span class='ocrx_word' id='word_1_429' title='bbox 472 4436 531 4504; x_wconf 87' lang='lat' dir='ltr'><strong>jam</strong></span> <span class='ocrx_word' id='word_1_430' title='bbox 548 4440 716 4490; x_wconf 84' lang='lat' dir='ltr'><strong>assimilavit</strong></span> <span class='ocrx_word' id='word_1_431' title='bbox 736 4442 861 4501; x_wconf 72' lang='lat' dir='ltr'><strong>sompes.</strong></span> <span class='ocrx_word' id='word_1_432' title='bbox 880 4438 906 4499; x_wconf 79' lang='lat' dir='ltr'><strong>t,</strong></span> <span class='ocrx_word' id='word_1_433' title='bbox 930 4436 957 4496; x_wconf 83' lang='grc'><strong>6,</strong></span> <span class='ocrx_word' id='word_1_434' title='bbox 975 4435 992 4484; x_wconf 77' lang='lat'>2</span> <span class='ocrx_word' id='word_1_435' title='bbox 1010 4438 1089 4482; x_wconf 91' lang='lat' dir='ltr'><strong>-et</strong></span> <span class='ocrx_word' id='word_1_436' title='bbox 1115 4418 1419 4491; x_wconf 68' lang='lat' dir='ltr'><strong>thesmophoriis,</strong></span> <span class='ocrx_word' id='word_1_437' title='bbox 1437 4435 1550 4486; x_wconf 88' lang='lat' dir='ltr'><strong>quornm</strong></span> <span class='ocrx_word' id='word_1_438' title='bbox 1573 4437 1672 4490; x_wconf 81' lang='lat' dir='ltr'><strong>magna</strong></span> <span class='ocrx_word' id='word_1_439' title='bbox 1699 4439 1765 4488; x_wconf 89' lang='lat' dir='ltr'><strong>pars</strong></span> 
     </span>
     <span class='ocr_line' id='line_1_38' title="bbox 158 4509 1765 4590; baseline -0.007 -15"><span class='ocrx_word' id='word_1_440' title='bbox 158 4526 265 4575; x_wconf 87' lang='lat' dir='ltr'><strong>eratin</strong></span> <span class='ocrx_word' id='word_1_441' title='bbox 282 4526 524 4576; x_wconf 87' lang='lat' dir='ltr'><strong>commemorandis</strong></span> <span class='ocrx_word' id='word_1_442' title='bbox 542 4525 794 4590; x_wconf 83' lang='lat' dir='ltr'><strong>agriculturae</strong></span> <span class='ocrx_word' id='word_1_443' title='bbox 811 4519 996 4572; x_wconf 82' lang='lat' dir='ltr'><strong>beneficiis</strong></span> <span class='ocrx_word' id='word_1_444' title='bbox 1009 4519 1181 4569; x_wconf 85' lang='lat' dir='ltr'><strong>adGererem</strong></span> <span class='ocrx_word' id='word_1_445' title='bbox 1194 4515 1298 4565; x_wconf 85' lang='lat' dir='ltr'><strong>relatis.</strong></span> <span class='ocrx_word' id='word_1_446' title='bbox 1336 4511 1374 4559; x_wconf 79' lang='lat' dir='ltr'><strong>iio</strong></span> <span class='ocrx_word' id='word_1_447' title='bbox 1392 4523 1446 4572; x_wconf 90' lang='lat' dir='ltr'><strong>qna</strong></span> <span class='ocrx_word' id='word_1_448' title='bbox 1463 4509 1661 4560; x_wconf 83' lang='lat' dir='ltr'><strong>veroaiaciens</strong></span> <span class='ocrx_word' id='word_1_449' title='bbox 1677 4523 1765 4575; x_wconf 90' lang='lat' dir='ltr'><strong>appo-</strong></span> 
     </span>
    </p>
   </div>
   <div class='ocr_carea' id='block_1_8' title="bbox 158 4578 1862 4850">
    <p class='ocr_par' dir='ltr' id='par_1_11' title="bbox 158 4578 1862 4850">
     <span class='ocr_line' id='line_1_39' title="bbox 159 4578 1862 4678; baseline -0.009 -18"><span class='ocrx_word' id='word_1_450' title='bbox 159 4612 213 4661; x_wconf 87' lang='lat' dir='ltr'><strong>site</strong></span> <span class='ocrx_word' id='word_1_451' title='bbox 230 4613 425 4662; x_wconf 77' lang='lat' dir='ltr'><strong>Diodorus</strong></span> <span class='ocrx_word' id='word_1_452' title='bbox 443 4611 480 4675; x_wconf 83' lang='lat' dir='ltr'><strong>V,</strong></span> <span class='ocrx_word' id='word_1_453' title='bbox 502 4613 551 4662; x_wconf 82' lang='lat'><strong>68:</strong></span> <span class='ocrx_word' id='word_1_454' title='bbox 580 4623 712 4678; x_wconf 76' lang='lat' dir='ltr'><strong>preprorr</strong></span> <span class='ocrx_word' id='word_1_455' title='bbox 737 4621 791 4675; x_wconf 78' lang='grc' dir='ltr'><strong>γαρ</strong></span> <span class='ocrx_word' id='word_1_456' title='bbox 816 4599 974 4671; x_wconf 63' lang='lat' dir='ltr'><strong>dodonaeas</strong></span> <span class='ocrx_word' id='word_1_457' title='bbox 990 4597 1106 4670; x_wconf 72' lang='lat' dir='ltr'><strong>tpaoor</strong></span> <span class='ocrx_word' id='word_1_458' title='bbox 1129 4615 1220 4652; x_wconf 82' lang='grc' dir='ltr'><em>αιτιαν</em></span> <span class='ocrx_word' id='word_1_459' title='bbox 1241 4609 1394 4665; x_wconf 70' lang='lat' dir='ltr'><strong>peroptare</strong></span> <span class='ocrx_word' id='word_1_460' title='bbox 1418 4591 1646 4661; x_wconf 75' lang='grc' dir='ltr'><strong><em>ἐπιφανεστατων</em></strong></span> <span class='ocrx_word' id='word_1_461' title='bbox 1674 4609 1768 4661; x_wconf 63' lang='lat' dir='ltr'><strong>repara</strong></span> <span class='ocrx_word' id='word_1_462' title='bbox 1785 4578 1813 4674; x_wconf 71' lang='lat' dir='ltr'><em>s</em></span> <span class='ocrx_word' id='word_1_463' title='bbox 1825 4582 1862 4644; x_wconf 59' lang='grc' dir='ltr'><strong>Ἀ(</strong></span> 
     </span>
     <span class='ocr_line' id='line_1_40' title="bbox 158 4674 1766 4761; baseline -0.009 -15"><span class='ocrx_word' id='word_1_464' title='bbox 158 4710 247 4761; x_wconf 71' lang='lat' dir='ltr'><strong>reprom</strong></span> <span class='ocrx_word' id='word_1_465' title='bbox 270 4710 316 4746; x_wconf 82' lang='lat' dir='ltr'><strong>aar</strong></span> <span class='ocrx_word' id='word_1_466' title='bbox 332 4699 454 4758; x_wconf 74' lang='grc' dir='ltr'><strong>θνσιων,</strong></span> <span class='ocrx_word' id='word_1_467' title='bbox 480 4693 520 4746; x_wconf 78' lang='grc' dir='ltr'><strong>ἔτι</strong></span> <span class='ocrx_word' id='word_1_468' title='bbox 543 4690 571 4746; x_wconf 81' lang='lat' dir='ltr'><strong>d&#39;</strong></span> <span class='ocrx_word' id='word_1_469' title='bbox 590 4691 725 4760; x_wconf 80' lang='grc' dir='ltr'><em>ἑορτων</em></span> <span class='ocrx_word' id='word_1_470' title='bbox 748 4708 794 4742; x_wconf 83' lang='grc' dir='ltr'><strong>και</strong></span> <span class='ocrx_word' id='word_1_471' title='bbox 817 4704 1051 4758; x_wconf 75' lang='grc' dir='ltr'><em>πανηγυρεων</em></span> <span class='ocrx_word' id='word_1_472' title='bbox 1067 4686 1485 4756; x_wconf 75' lang='grc' dir='ltr'><em>μεγαλοπρεπεστατων,</em></span> <span class='ocrx_word' id='word_1_473' title='bbox 1517 4675 1549 4729; x_wconf 82' lang='lat' dir='ltr'><strong>eri</strong></span> <span class='ocrx_word' id='word_1_474' title='bbox 1572 4674 1644 4749; x_wconf 69' lang='grc' dir='ltr'><strong>παρ’</strong></span> <span class='ocrx_word' id='word_1_475' title='bbox 1659 4675 1766 4741; x_wconf 74' lang='grc' dir='ltr'><strong><em>Ἕλλησι</em></strong></span> 
     </span>
     <span class='ocr_line' id='line_1_41' title="bbox 159 4769 1524 4850; baseline -0.012 -20"><span class='ocrx_word' id='word_1_476' title='bbox 159 4796 250 4850; x_wconf 78' lang='grc' dir='ltr'>μονον</span> <span class='ocrx_word' id='word_1_477' title='bbox 267 4773 338 4833; x_wconf 75' lang='lat' dir='ltr'><strong>titi</strong></span> <span class='ocrx_word' id='word_1_478' title='bbox 355 4797 400 4832; x_wconf 83' lang='grc' dir='ltr'><strong>και</strong></span> <span class='ocrx_word' id='word_1_479' title='bbox 416 4796 495 4847; x_wconf 83' lang='grc' dir='ltr'><strong><em>παρα</em></strong></span> <span class='ocrx_word' id='word_1_480' title='bbox 512 4794 583 4836; x_wconf 79' lang='lat' dir='ltr'><strong>naor</strong></span> <span class='ocrx_word' id='word_1_481' title='bbox 598 4777 701 4849; x_wconf 74' lang='grc' dir='ltr'><em>σχεδον</em></span> <span class='ocrx_word' id='word_1_482' title='bbox 717 4795 774 4836; x_wconf 84' lang='grc' dir='ltr'><strong><em>τοις</em></strong></span> <span class='ocrx_word' id='word_1_483' title='bbox 789 4781 945 4845; x_wconf 66' lang='lat' dir='ltr'><strong>puppisque,</strong></span> <span class='ocrx_word' id='word_1_484' title='bbox 964 4769 1025 4827; x_wconf 81' lang='grc' dir='ltr'><strong><em>ὅσοι</em></strong></span> <span class='ocrx_word' id='word_1_485' title='bbox 1041 4790 1085 4837; x_wconf 81' lang='grc' dir='ltr'><strong>της</strong></span> <span class='ocrx_word' id='word_1_486' title='bbox 1103 4789 1206 4840; x_wconf 80' lang='grc' dir='ltr'><strong><em>τροφης</em></strong></span> <span class='ocrx_word' id='word_1_487' title='bbox 1219 4785 1315 4831; x_wconf 82' lang='grc' dir='ltr'><strong><em>ταυτης</em></strong></span> <span class='ocrx_word' id='word_1_488' title='bbox 1332 4776 1524 4826; x_wconf 72' lang='lat' dir='ltr'><strong>sacracramenta</strong></span> 
     </span>
    </p>
   </div>
   <div class='ocr_carea' id='block_1_9' title="bbox 0 0 1940 5244">
    <p class='ocr_par' dir='ltr' id='par_1_12' title="bbox 0 0 1940 5244">
     <span class='ocr_line' id='line_1_42' title="bbox 0 0 1940 5244; baseline 0 0"><span class='ocrx_word' id='word_1_489' title='bbox 0 0 1940 5244; x_wconf 95' lang='lat' dir='ltr'><strong> </strong></span> 
     </span>
    </p>
   </div>
  </div>
 </body>
</html>
