3894 5274
156 799 416 885 'auspicando
439 807 475 862 et
496 797 718 880 praeparando
742 795 837 876 t'es‘to,
860 813 1097 878 azymorum
1120 816 1200 859 vero
1221 798 1537 867 consummando
1558 822 1616 886 per
1637 819 1763 889 septem

156 907 230 971 alies
257 913 437 985 sequelam
464 903 594 965 servire
619 897 875 980 intelligunt).
918 897 998 961 Dies
1027 901 1295 963 concionibus
1317 908 1454 968 sacris
1478 915 1512 968 et
1533 926 1666 988 operum
1690 931 1766 974 ces-

158 1010 288 1072 satione
307 1005 480 1095 minutos
501 1003 615 1067 definit
636 1022 680 1063 ex
701 1003 775 1084 lege
798 1002 859 1063 lix.
882 1001 933 1079 tt,
958 1001 998 1063 16
1023 1003 1195 1082 'primum
1224 1014 1259 1065 et
1292 1008 1519 1086 septimum.
1563 1011 1666 1073 Addit
1687 1023 1764 1075 tan-

160 1122 229 1174 tum
264 1108 573 1171 sacrificiorum·
599 1105 791 1167 oblationem
821 1122 879 1184 per
907 1113 1036 1184 septem
1064 1103 1134 1164 dies
1165 1107 1434 1193 continuandam,
1468 1109 1509 1171 tle
1537 1130 1601 1193 qua
1622 1115 1665 1176 ibi
1688 1117 1766 1178 nihil
1833 1130 1835 1134 ’

158 1220 377 1294 praeceptum.

242 1315 274 1377 ἰ
303 1313 381 1375 Jam
403 1309 444 1372 ad
465 1309 640 1390 sequentia
660 1309 712 1390 (v.
734 1308 756 1370 9
777 1307 887 1387 seqq.)
908 1305 1174 1388 progredientes,
1195 1308 1271 1370 dum
1293 1310 1430 1374 alterurn
1445 1316 1529 1394 quod
1551 1320 1583 1378 in
1606 1321 1769 1400 antiquis.

159 1418 243 1478 simo
264 1416 421 1478 festorum
443 1411 555 1474 ordine
576 1413 638 1474 Ex.
660 1407 714 1490 23,
738 1409 779 1471 16
799 1409 938 1471 habetur
964 1401 1115 1489 „festum
1136 1407 1317 1472 messis“
1344 1415 1399 1474 vel
1421 1416 1575 1496 „primi
1583 1417 1768 1483 tiorum“

161 1516 333 1580 definitum
347 1517 386 1577 iri
406 1523 658 1595 exspectamus,
689 1529 775 1573 nova
796 1511 891 1592 plane
911 1520 1084 1573 occurrunt
1107 1530 1170 1572 uon
1192 1514 1410 1591 opinantibus.
1453 1519 1602 1582 Habetur
1623 1525 1707 1585 enirn
1725 1524 1769 1585 ibi

160 1621 440 1701 primitiarum
470 1615 599 1696 quidem
628 1614 802 1692 oblatio,
824 1611 884 1675 sed
912 1611 1075 1693 duplex.
1116 1613 1276 1695 Primum,
1305 1617 1359 1677 ubi
1381 1622 1528 1698 „messis
1557 1623 1770 1707 demetitur“,

159 1722 397 1803 manipulus
426 1717 532 1805 (nugi)
561 1726 714 1796 tanquam
751 1717 902 1777 messis
931 1717 1143 1795 primitiae
1178 1716 1326 1802 [ananan
1353 1724 1475 1800 neam,
1503 1729 1770 1803 praemetium

160 1825 318 1889 Remmia
344 1821 500 1899 vocatur)
517 1819 575 1881 ‘ad
611 1818 815 1881 sacerdotem
843 1817 1057 1898 deferendus,
1100 1819 1155 1898 qui
1186 1862 1207 1898 „
1214 1818 1376 1900 postridie
1408 1818 1600 1887 saltatim
1631 1829 1771 1892 elevet

160 1945 273 1990 coram
297 1926 387 1988 tho
415 1927 510 2002 (aaut
532 1918 600 1986 *aab
621 1922 714 2009 marr)
746 1922 765 1982 i.
787 1939 817 1982 e.
841 1919 911 1980 Deo
932 1918 1065 2000 offerat,
1092 1919 1253 1984 unacum
1281 1923 1358 2005 agni
1380 1926 1498 2009 integri
1519 1928 1657 1989 anniculi
1677 1931 1771 1993 holo·

160 2040 281 2094 eausto
308 2026 445 2108 ejusque
467 2024 552 2085 ferto
575 2031 609 2084 et
632 2023 799 2103 libamine,
828 2031 905 2083 ante
926 2039 1022 2102 quam
1045 2022 1239 2086 oblationem
1260 2043 1322 2088 nec
1342 2044 1458 2105 panem
1480 2047 1541 2091 neo
1562 2048 1663 2112 grana
1684 2041 1771 2095 tosta

162 2142 222 2196 aut
250 2131 368 2194 molam
397 2123 515 2208 (blanau
536 2122 611 2205 ete)
641 2123 813 2186 comedere
835 2124 887 2185 fas
915 2134 968 2185 est
994 2125 1099 2206 (quae
1126 2128 1313 2189 recentis
1342 2132 1460 2192 messis
1481 2148 1558 2192 esse
1580 2133 1771 2217 intelligun-

163 2235 246 2316 tur).
273 2264 314 2279 -
356 2228 484 2293 Deinde
519 2229 699 2289 numeratis
730 2227 771 2289 ab
800 2227 862 2288 hoo
896 2225 947 2288 die
981 2235 1140 2306 septem
1174 2228 1396 2292 sabbathis
1431 2233 1588 2312 postridie
1622 2230 1772 2297 sabbathi

163 2337 305 2418 septimi,
320 2335 376 2415 qui
389 2331 767 2413 quinquagesimus
783 2338 847 2407 est,
869 2327 1069 2429 offeremlum
1082 2346 1231 2390 recens
1253 2328 1405 2393 fertum
1420 2332 1534 2414 (aene
1547 2340 1642 2401 aanor
1655 2339 1772 2419 uum),

164 2441 315 2502 nimirum
335 2436 412 2498 ‘duo
434 2450 566 2514 panes
588 2430 847 2509 fermentati,
867 2450 911 2492 ex
933 2429 1058 2517 lesbus
1081 2429 1215 2492 decimis
1227 2432 1354 2495 similae
1377 2432 1469 2526 (nib)
1492 2440 1596 2515 cocti,
1618 2448 1771 2520 tanquam

164 2540 381 2623 primitiae
409 2537 499 2600 Jbvo
527 2552 641 2596 sacrae
662 2533 775 2614 (nesab
797 2533 945 2612 amana),
976 2531 1089 2593 eodem
1119 2533 1382 2597 elevationis
1409 2538 1546 2620 (aaran)
1571 2541 1636 2603 ritu
1665 2543 1774 2623 oblati,

162 2644 241 2706 bino
278 2657 409 2721 „panea
429 2634 665 2700 *elevatiouiff
704 2637 826 2716 (natan
858 2629 919 2698 aab
957 2655 990 2694 v.
1021 2634 1070 2697 tt.
1092 2634 1153 2714 ab,
1193 2636 1459 2715 quemadmodum
1500 2643 1682 2721 manipulus
1718 2644 1774 2706 ille

164 2758 264 2811 notan
285 2754 349 2806 abab
371 2759 403 2801 ν.
420 2740 476 2816 15)
499 2738 586 2800 dicti.
630 2735 703 2798 Unb
718 2756 798 2798 vero
811 2755 883 2799 cum
898 2755 983 2816 pane
996 2735 1162 2800 offerenda
1175 2737 1333 2800 sacrificia
1355 2750 1466 2802 auctae
1489 2753 1617 2823 septem
1628 2749 1705 2828 agni
1719 2748 1774 2810 in·

164 2846 252 2927 aegri
272 2842 431 2921 anniculi,
456 2839 622 2920 juvencus
646 2858 746 2918 unus,
767 2840 890 2899 arietes
912 2836 975 2898 (luo
988 2857 1056 2917 <pro
1075 2837 1283 2915 holocausto,
1311 2859 1385 2902 cum
1412 2842 1507 2905 fertis
1527 2855 1578 2906 et·
1590 2847 1775 2911 libamenti

129 2934 132 2939 ⁴
165 2950 254 3027 auis,
275 2962 372 3026 porro
391 2944 501 3006 laircus
523 2960 579 3022 pro
601 2942 769 3021 piaculari3
792 2939 930 3019 dariique
953 2940 1016 3001 duo
1037 2943 1115 3022 agni
1138 2959 1195 3021 pro
1214 2941 1361 3023 pacifico,
1384 2947 1438 3023 qui
1459 2947 1588 3026 quidem
1609 2968 1684 3012 oum
1705 2949 1774 3031 pri.

160 3051 326 3112 mitiarum
350 3047 488 3127 panibus
510 3044 704 3106 elevationis
733 3044 799 3104 ritu
821 3042 910 3105 Jlrvo
939 3039 1096 3104 offerendi
1124 3044 1286 3106 sacerdoti
1315 3034 1643 3128 coelunt,‘„aonett'“
1671 3051 1775 3135 (ai-xp]

162 3150 341 3231 norninei).
384 3151 482 3229 Isque
505 3146 575 3208 dies
597 3148 755 3208 concione
775 3163 872 3207 saera
892 3154 927 3206 ct
948 3146 1057 3224 operis
1077 3148 1265 3209 cessatione
1284 3147 1508 3230 celebrandas,
1529 3168 1593 3232 qua
1615 3155 1700 3234 prior
1720 3154 1775 3216 ille

162 3253 318 3333 manipuli
339 3249 498 3313 offerendi
521 3259 620 3311 caret.
665 3249 786 3309 Festi
808 3256 918 3309 autem
940 3265 1058 3308 nomen
1079 3257 1138 3309 ant
1154 3252 1276 3310 mentio
1304 3250 1370 3312 ulla
1393 3251 1497 3313 abest.

508 3432 590 3440 ...ι-..-

233 3562 265 3618 2)
290 3561 326 3609 Ut
341 3559 410 3608 illud
427 3558 465 3606 sit
481 3558 542 3605 fere
560 3558 630 3619 quod
651 3555 751 3606 Judaei
768 3557 938 3618 posteriores
957 3557 1132 3618 appellarant
1149 3570 1324 3621 παρασκευη,
1343 3560 1442 3609 Graeci
1459 3572 1592 3626 προαγων
1608 3576 1631 3613 s.
1649 3562 1778 3629 προτελης

167 3642 298 3710 (wem),
325 3640 486 3709 nepotalem,
510 3641 576 3690 lesti
594 3644 622 3690 et
640 3641 815 3690 solennitatis
836 3637 969 3705 cujusque
986 3641 1065 3703 qnasi
1090 3641 1256 3704 prooemium
1275 3657 1298 3690 s.
1317 3642 1463 3705 introitus3
1489 3647 1540 3695 boc
1563 3648 1664 3697 festum
1690 3649 1778 3710 ipsum

168 3746 192 3782 e.
212 3731 278 3780 festi
296 3729 494 3780 consummatio
520 3726 583 3789 iq.
603 3724 889 3776 Graecisneueeine.
926 3725 968 3777 cf.
996 3727 1026 3778 0.
1046 3727 1102 3777 Fr.
1131 3728 1160 3777 H
1165 3739 1260 3778 erma
1268 3729 1331 3777 not
1354 3730 1779 3791 pottesdtenstt,A1tertppmer

168 3816 221 3869 dar
239 3815 380 3889 Grieoltea
398 3816 424 3876 s.
443 3815 486 3866 46.
504 3815 560 3862 not.
581 3812 621 3860 10.
641 3813 683 3862 11.

238 3935 268 4000 3)
297 3936 356 3985 llos
376 3936 447 3985 euim
464 3945 550 3997 panes
577 3933 612 3981 ad
629 3931 771 3994 paciacum
787 3942 921 3994 agnorum
938 3931 1099 3981 sacrificium
1117 3916 1256 3992 pertinere
1276 3928 1345 3995 (uon
1363 3933 1618 3998 artholomaeum,
1643 3937 1686 3985 oui
1700 3952 1780 3989 suum

166 4020 226 4086 jam
249 4021 370 4072 sonitum
393 4021 509 4070 habetur
532 4020 633 4068 fertum
656 4030 718 4066 oum
739 4015 912 4067 libaminibus
937 4029 962 4066 v.
989 4018 1053 4080 ¹8),
1076 4029 1237 4079 expressum
1260 4021 1302 4065 eat
1325 4029 1351 4067 v.
1368 4016 1404 4066 20
1427 4018 1522 4066 verbis
1548 4031 1682 4082 agnorum
1705 4035 1780 4073 com-

170 4106 363 4159 memorationi
379 4102 547 4168 subjunctis:
566 4107 618 4169 „at
636 4103 726 4154 etevat
741 4103 876 4153 sacerdos
895 4115 943 4152 eos
960 4100 1078 4165 (agnos)
1096 4098 1156 4152 aaa
1174 4115 1239 4153 earn
1254 4115 1328 4165 pane
1347 4105 1548 4165 primitiarum
1565 4103 1634 4182 (Ἦν,
1645 4103 1708 4170 0355
1728 4104 1779 4187 59)

172 4196 335 4247 devotione
351 4203 449 4249 coram
462 4189 579 4252 Jbeo“;
598 4190 694 4252 quibus
708 4189 733 4238 si
744 4187 854 4239 additur
870 4189 971 4250 :nim
987 4189 1043 4250 ηω·
1056 4182 1109 4252 59,
1132 4189 1183 4237 noe
1200 4199 1269 4237 seno
1283 4187 1471 4237 anacolutbice
1489 4191 1565 4249 patet
1582 4190 1696 4257 dimum,
1721 4194 1780 4244 seii.

172 4277 255 4344 quasi
270 4275 458 4340 praecesserit
480 4277 516 4339 ’Π
538 4269 598 4336 nub
635 4286 686 4336 pro
711 4269 740 4337 15
765 4268 804 4336 55
826 4285 890 4336 unp
909 4269 1001 4337 (eujus
1020 4272 1109 4323 smila
1127 4273 1247 4323 occurrit
1264 4271 1462 4334 etiam7‚13).
1498 4274 1591 4334 Neque
1609 4276 1713 4324 temam
1731 4278 1780 4326 seu

172 4363 289 4415 oonsilio
307 4363 336 4412 et
353 4363 429 4411 certa
441 4361 559 4422 ratione,
578 4359 684 4426 opinor,
707 4357 845 4409 sacrificia
862 4358 918 4407 ista
935 4356 1061 4405 dicuntur
1078 4360 1151 4419 „ad
1167 4356 1321 4421 ραπιτηι(ι
1342 4350 1444 4421 (umbri
1467 4353 1519 4422 by)
1539 4358 1694 4424 offerenda,
1712 4364 1737 4411 b.
1756 4376 1780 4413 e.

173 4440 293 4514 panibus
310 4447 434 4498 addenda
461 4460 485 4494 v.
506 4446 546 4497 18.
564 4444 599 4492 2⁰
617 4443 851 4505 (quemadmodum
868 4442 928 4493 lere
944 4441 1040 4491 arietis
1060 4440 1155 4492 sacrif.
1173 4442 1256 4504 pacis.
1274 4455 1291 4491 a
1308 4442 1445 4492 Naziraeo
1464 4445 1593 4493 'oblatum
1609 4447 1688 4499 Num.
1704 4449 1732 4510 6,
1751 4449 1784 4501 17

175 4537 315 4614 „an
337 4529 376 4606 ξς
392 4529 485 4596 by‘q:
503 4542 559 4580 non
576 4542 660 4591 panes
676 4531 712 4578 ad
735 4528 885 4589 sacrificia,
904 4533 934 4577 ut
950 4528 1041 4576 solent
1057 4527 1138 4577 ferta.
1174 4527 1242 4576 Narn
1261 4531 1287 4578 b.
1304 4528 1322 4579 l.
1343 4525 1488 4577 oblationis
1507 4541 1612 4580 srrmma
1629 4533 1782 4593 panibus

174 4621 242 4671 istie
266 4619 438 4681 continetur,
463 4617 559 4678 quibus
583 4618 693 4664 caetera
717 4613 856 4663 sacrificia
881 4616 1010 4675 tanquan
1033 4613 1182 4662 auctarium
1206 4616 1311 4662 tanturn
1335 4616 1513 4662 accesserunt
1539 4616 1645 4666 addita:
1672 4616 1786 4678 primuni

176 4702 304 4771 griffi,
322 4704 420 4755 deinde
438 4703 645 4762 holocaustum,
663 4700 734 4762 qood
752 4702 781 4748 et
797 4699 886 4759 ipsum
902 4694 990 4762 nnis„
1011 4693 1049 4762 Β,
1064 4713 1092 4746 v.
1111 4700 1145 4747 18
1161 4697 1260 4745 dicitnr
1277 4698 1413 4760 oblatnm3
1438 4698 1534 4759 quibas
1556 4700 1671 4763 denique
1688 4701 1785 4763 piacu-

175 4795 242 4843 lare
259 4787 431 4855 adjungitur,
455 4788 562 4838 ratione
582 4785 720 4835 universis
736 4782 815 4832 iestis
832 4784 974 4834 communi.
992 4810 1025 4823 -
1062 4786 1137 4843 Quae
1155 4781 1259 4831 oblatio
1275 4780 1516 4924 quamnam&
1546 4786 1641 4849 32¹5„
1665 4800 1787 4874 nm,
