3894 5274
951 286 987 367 lb

239 528 365 593 Deinde
388 544 549 591 sacrum
570 527 667 588 etiam
689 537 854 606 septem
877 526 1174 590 hebdomadum
1197 530 1378 609 spatium
1407 529 1533 592 duabus
1556 531 1771 610 primitiarum

155 633 438 694 oblationibus
460 628 788 709 disterminatumffl),
810 628 894 710 quod
918 629 1079 712 frugum
1111 647 1248 692 messe
1276 641 1454 711 occupatur
1476 632 1771 695 oblationibus

154 736 218 797 illis
251 736 445 815 inaugurate
477 743 511 793 et
543 730 682 811 saerata,
721 733 859 811 septimo
888 733 992 794 mensi
1019 732 1124 816 magis
1155 735 1331 795 convenire
1361 732 1492 795 videtur
1524 752 1620 815 quam
1651 735 1769 814 primo.

157 836 242 919 Quid
263 837 347 898 euim
369 846 422 896 cst
444 832 527 915 quod
548 831 694 895 metendi
714 843 845 914 tempus
866 834 1046 897 habebatur
1068 829 1255 897 sacrum?
1297 835 1369 898 Hoc
1390 847 1458 898 tum
1488 855 1531 898 ex
1552 856 1592 897 eo
1614 835 1774 897 derivan-

159 941 234 1003 dum
257 937 388 1001 videtur
411 935 495 1017 quod
517 933 533 997 l
538 954 582 996 ru
590 953 663 1018 ges
686 953 743 1015 per
755 954 793 998 se
808 937 954 1017 ipsae-
971 939 1090 1018 quippe
1102 955 1186 1018 quae
1200 955 1342 1016 panem
1361 941 1568 1019 praeberent,
1590 958 1652 1000 non
1665 939 1774 1000 bomi-

128 1096 130 1105 ,
159 1061 233 1104 num
259 1050 385 1104 tantum
407 1040 531 1100 vietum
554 1039 772 1118 praecipuum,
796 1037 854 1099 sed
870 1040 1158 1102 oblationibus
1178 1039 1275 1100 etiam
1293 1039 1466 1122 (ωυρμ)
1482 1060 1581 1102 unum
1597 1051 1710 1121 aptum
1731 1073 1774 1085 -

159 1146 244 1206 inter
267 1160 380 1205 omues
403 1149 509 1202 terrae
532 1137 711 1220 proventio
732 1139 858 1220 Deique
881 1140 965 1204 dona
986 1144 1017 1203 in
1040 1143 1180 1203 maximo
1203 1159 1334 1202 numero
1358 1153 1392 1203 et
1420 1143 1475 1203 vel
1505 1143 1682 1204 sanctitate
1711 1141 1775 1203 ali·-

160 1264 224 1328 qua
242 1246 450 1322 haberentur,
473 1252 540 1305 tum
561 1260 642 1303 vero
663 1258 705 1302 ex
726 1260 765 1303 eo
787 1244 926 1305 maxime
949 1242 1035 1324 quod
1056 1244 1089 1305 in
1112 1245 1330 1323 septimum
1352 1263 1509 1325 mensem,
1530 1247 1625 1306 anni
1649 1245 1776 1306 fasti-

161 1351 293 1432 gium,
322 1347 442 1408 messis
464 1343 643 1422 incidebat,
678 1362 738 1406 suo
756 1343 831 1424 jure
853 1364 998 1424 sacrum,
1031 1346 1082 1408 cui
1104 1347 1158 1407 uni
1180 1348 1320 1408 omnium
1342 1348 1513 1427 aptissima
1534 1364 1595 1409 nec
1615 1348 1689 1407 sine
1710 1364 1777 1408 nu-

162 1456 247 1516 mine
270 1450 427 1530 deputata
449 1446 551 1510 videri
580 1444 729 1516 debebat.
780 1445 842 1509 Cui
870 1450 1040 1511 sanctitati
1069 1449 1281 1510 consentanei
1311 1457 1344 1510 et
1373 1447 1455 1510 ritus
1487 1449 1681 1509 oblationum
1705 1447 1779 1527 jam

164 1574 224 1618 non
249 1553 327 1616 lesti
349 1562 384 1612 et
406 1551 493 1630 laeti,
516 1547 575 1610 sed
598 1550 816 1611 reverentiam
839 1560 965 1612 tantum
987 1561 1022 1612 et
1043 1532 1229 1632 religionem
1252 1549 1493 1632 significantes,
1515 1550 1600 1611 leste
1621 1559 1778 1613 auctum-

163 1658 227 1720 nali
249 1654 435 1736 praefantes
457 1663 491 1712 et
513 1649 745 1731 praeludentes
768 1651 886 1731 (supra
908 1672 938 1731 p.
963 1653 1040 1732 10);
1063 1663 1097 1714 et
1118 1660 1267 1714 sanctum
1290 1651 1570 1732 „hebdomadum“
1591 1654 1645 1714 vel
1666 1653 1779 1731 potius

164 1761 465 1841 quinquagenorum
488 1752 611 1815 dierum
635 1762 775 1847 tempus,
798 1754 867 1816 scil.
891 1755 1150 1837 quinquagesimi
1179 1753 1242 1815 diei
1271 1753 1362 1839 feriis
1390 1755 1633 1816 sabbatbalibus
1661 1755 1779 1815 novis-

163 1865 246 1925 simo
267 1861 353 1921 illius
375 1855 535 1920 sabbatho
558 1864 712 1934 tanquam
734 1856 882 1918 clausule
903 1857 1021 1918 additis
1038 1858 1255 1935 terminatum,
1285 1854 1403 1936 duplici
1426 1857 1582 1918 sabbatho
1604 1857 1780 1935 inclusum,

165 1962 342 2043 septenarii
363 1971 397 2023 et
419 1959 685 2039 quinquagenarii
707 1977 862 2045 annorum
886 1959 984 2038 spatii
1007 1958 1189 2037 exemplum
1213 1968 1246 2020 et
1269 1957 1516 2020 fundamentum
1544 1960 1597 2040 (v.
1624 1977 1725 2038 supra
1748 1978 1779 2038 p.

165 2064 321 2145 iseqq.)
333 2097 375 2110 -
394 2062 466 2123 Hoc
488 2068 598 2122 autem
621 2069 749 2140 tempos
771 2071 921 2122 sanctum
944 2079 1017 2123 oum
1036 2079 1056 2120 a
1068 2056 1283 2136 ‚,Sebbotlro“
1295 2062 1418 2140 (neem)
1431 2060 1567 2124 ducetur
1579 2063 1660 2122 hev.
1675 2059 1781 2137 23,10

165 2185 228 2228 ιιοιι
263 2164 396 2228 definito
427 2171 462 2225 et
494 2164 606 2244 ignoto
641 2162 766 2242 (supra
794 2182 824 2241 p.
853 2164 918 2243 4),
963 2163 1128 2244 quaeritur
1160 2163 1318 2244 quodnam
1350 2162 1449 2224 fuerit
1476 2162 1554 2225 illud
1583 2164 1781 2231 sabbathum

166 2285 201 2336 et
223 2265 459 2333 hebdomadum
479 2265 615 2327 initium.
660 2263 754 2341 Quod
776 2282 857 2327 sane
879 2264 1009 2326 difficile
1032 2263 1132 2344 dictu,
1152 2275 1187 2327 et
1202 2263 1397 2346 ¹conjectori
1424 2276 1551 2327 tantum
1574 2265 1782 2333 tentandum.¹

166 2373 316 2439 Proclive
337 2365 467 2451 quidem
489 2376 542 2429 est
571 2384 591 2428 a
620 2367 751 2447 septimi
780 2370 903 2431 mensis
932 2368 1021 2429 initio
1051 2385 1077 2428 s.
1108 2367 1322 2429 novilunio
1352 2365 1475 2439 ducere
1505 2367 1555 2446 (b.
1579 2387 1608 2429 e.
1630 2387 1651 2429 a
1674 2370 1776 2448 primo

167 2477 291 2540 mensis
311 2470 470 2535 sabbatho
493 2469 547 2529 vel
570 2467 797 2548 praecedentis
818 2473 1023 2548 novissimo),
1045 2489 1085 2532 ne
1108 2469 1209 2550 major
1231 2488 1307 2550 pars
1326 2470 1482 2548 temporis
1500 2472 1784 2549 extraseptimum.

168 2578 284 2645 eadetz
307 2573 367 2638 sed
389 2574 499 2636 obstat
520 2571 690 2634 Pascbalis
712 2584 746 2633 et
767 2590 956 2653 azymorum
978 2574 1061 2633 ritus
1084 2572 1268 2652 pleniluniis
1289 2571 1456 2650 incidens,
1488 2573 1542 2652 qui
1571 2583 1606 2634 et
1633 2590 1778 2635 messem

167 2686 417 2759 interrumperet
438 2674 680 2754 intempestive,
702 2684 737 2736 et
759 2676 902 2735 recentis
925 2675 1079 2736 frumenti
1101 2692 1164 2736 usu
1187 2693 1218 2749 r.
1244 2674 1284 2735 lt
1312 2691 1472 2736 concesso
1499 2673 1780 2755 praejudicaretur

168 2786 220 2865 (v.
244 2801 274 2863 p.
296 2780 347 2862 4).
413 2780 527 2858 ltaque
550 2776 627 2837 nihil
649 2775 719 2838 fere
741 2777 888 2838 relictum
911 2795 987 2838 esse
1010 2775 1140 2838 videtur
1162 2794 1258 2857 quam
1281 2787 1318 2837 ut
1338 2795 1358 2837 a
1380 2776 1584 2838 sabbatho
1608 2796 1781 2860 azymo-

170 2904 251 2948 rum
274 2893 478 2960 extremo,
506 2879 576 2942 scil.
599 2878 650 2941 21.
684 2880 808 2942 mensis
841 2878 903 2959 die,
935 2877 1082 2942 ducatur.
1116 2877 1229 2957 Quod
1249 2878 1323 2958 ipse
1354 2881 1454 2940 etiam
1487 2875 1586 2958 hujus
1620 2877 1782 2942 recensis

171 2996 284 3049 auctor
317 2983 476 3047 statuisse
507 2978 637 3043 videtur
667 2999 739 3043 cum
772 2982 858 3045 hunc
890 2981 996 3046 locum
1029 2981 1142 3045 statim
1170 2990 1245 3062 post
1268 2999 1458 3064 azymorum
1480 2979 1585 3043 locum
1607 2982 1783 3062 insereret,

170 3087 311 3150 fortasse
333 3087 385 3147 sui
406 3085 560 3166 temporis
591 3101 685 3145 usum
714 3101 867 3165 sequens.
920 3083 992 3163 Quo
1018 3093 1136 3162 sumto,
1165 3100 1355 3166 azymorum
1384 3084 1468 3144 ritus
1497 3083 1785 3163 septendialis

172 3210 199 3254 s.
221 3186 447 3251 hebdomas
469 3194 620 3249 sancta
642 3218 681 3231 —
705 3205 727 3247 a
747 3187 999 3268 plenilunio,
1027 3196 1064 3248 ut
1085 3185 1216 3266 septimi
1243 3186 1365 3247 mensis
1385 3183 1530 3268 fastigio,
1552 3189 1662 3266 potius
1684 3203 1786 3266 quam

172 3314 192 3355 a
211 3291 373 3354 novilunio
386 3287 674 3367 ducenda-apte
696 3288 906 3368 praecederet
929 3299 962 3351 et
984 3286 1217 3368 quodammodo
1240 3288 1424 3367 suspicaret
1447 3297 1599 3350 sanctum
1621 3299 1786 3369 septem

172 3389 463 3458 hebdomadum
485 3390 643 3469 spatium3
667 3391 867 3453 hominum
888 3391 1117 3454 sacrandorum
1140 3391 1413 3452 ritusmessem
1434 3390 1643 3472 sacrandam3
1665 3409 1785 3471 quem-

174 3495 343 3560 admodum
367 3493 436 3554 lere
458 3492 549 3554 finito
571 3510 654 3554 anno
672 3495 781 3574 populi
798 3493 948 3574 expiandi
968 3497 1050 3555 ritus
1061 3491 1183 3554 festum
1194 3491 1305 3554 finitae
1329 3503 1548 3572 proventuum
1570 3494 1785 3556 collectionis.

242 3819 287 3883 ³1)
305 3818 348 3871 cl.
372 3817 448 3869 Num.
472 3815 517 3880 28,
542 3816 586 3878 26,
604 3818 648 3866 obi
671 3831 732 3869 eum
761 3821 810 3870 boc
843 3820 974 3882 temporis
998 3821 1117 3884 spatium
1140 3820 1239 3870 dicitur
1269 3820 1328 3881 „in
1358 3818 1582 3871 bebdomadibus
1611 3817 1789 3870 cestris“

176 3901 393 3983 (mamm),
412 3912 510 3952 sacrae
528 3903 730 3953 observationis
758 3917 821 3954 esse
843 3905 973 3956 inanitur.
1009 3908 1087 3957 Unde
1106 3918 1204 3956 nomen
1222 3905 1286 3955 testi
1303 3905 1331 3954 in
1348 3904 1548 3965 posterioribus
1567 3906 1676 3968 legibus
1696 3909 1791 3956 ortum

176 3989 303 4055 ,sertum
326 3983 549 4040 bebdomodera‘l
567 3987 618 4038 Ex.
635 3988 680 4053 at,
697 3990 739 4040 22.
757 3990 837 4041 Deut.
857 3993 900 4051 16,
920 3993 960 4045 1⁰.

243 4104 291 4170 ³2)
310 4106 538 4166 Quemadmodum
555 4106 675 4155 caeteris
694 4107 777 4158 etiam
793 4110 962 4172 antiquitatis
981 4110 1089 4174 populls
1109 4109 1262 4159 institutum
1286 4110 1427 4175 videmus,
1451 4113 1481 4160 ut
1499 4110 1651 4159 Graecis
1670 4110 1697 4158 et
1715 4109 1791 4160 Ro-

176 4191 303 4247 manis,
323 4189 419 4252 qulbus
436 4191 510 4241 testa
527 4191 671 4255 trogum
688 4204 806 4244 messem
824 4195 992 4246 celebrantia
1009 4195 1146 4254 (Demetri
1163 4208 1187 4246 s.
1209 4195 1305 4246 cereri
1328 4194 1420 4258 sacra)
1438 4197 1492 4244 rito
1511 4196 1642 4252 praviora
1660 4197 1688 4243 et
1706 4205 1793 4244 sauc-

176 4278 251 4328 tiore
267 4274 355 4324 lauisse
369 4277 479 4326 constat
496 4276 686 4341 Dionysiacis,
705 4284 733 4328 et
750 4283 784 4330 ab
802 4281 845 4329 his
862 4281 902 4330 ita
917 4281 978 4330 fere
995 4280 1135 4337 distincte,
1153 4283 1184 4329 ut
1201 4282 1268 4330 baec
1292 4283 1381 4345 magis
1399 4280 1435 4330 ad
1452 4281 1640 4331 oblectandum
1658 4281 1791 4329 truen-

178 4364 234 4412 dis
252 4361 352 4412 bonis
368 4359 476 4424 genium
495 4363 675 4422 pertinerent,
693 4362 796 4414 illaad
819 4366 991 4415 recolendam
1015 4365 1086 4426 piam
1111 4367 1372 4416 beneficiorum
1387 4368 1601 4427 memoriam,
1625 4364 1791 4428 praesertim

179 4458 248 4512 quae
266 4446 394 4496 universo
420 4447 481 4508 agri
505 4448 612 4498 colerrdi
638 4450 765 4502 instituto
789 4456 902 4511 accepta
924 4451 1082 4501 referebant
1105 4451 1362 4517 (Thesmophoriak
1399 4463 1452 4514 qua
1478 4452 1584 4514 quidem
1612 4454 1790 4513 mysteria

179 4534 261 4586 etiarn
278 4532 494 4584 coutirrcbautor.
